2267 3105
68 785 92 803 10

68 1082 91 1100 15

64 1349 90 1367 20

63 1614 89 1634 25

64 1881 89 1900 30

65 2201 90 2221 ³5

64 2476 91 2495 40

65 2741 91 2760 4⁶

240 296 288 324 18.

240 350 288 377 19.

239 402 289 430 20.

236 455 288 483 21.

236 509 287 537 22.

237 562 288 590 23.

236 615 287 643 24.

236 668 287 696 25.

236 722 286 750 26.

235 774 287 803 27.

256 910 288 1309 Pssffivffiwsvt-

234 1389 250 1898 μ-ιι-ιν-ι-ιμι-ιο-ιι-ι-ιι-ι

254 1335 288 1898 ῬΨῊΦΨΫΡΨΨὶ-*ῬΞΦ

257 2004 286 2085 zve-

237 2671 252 2857 ν-Ρ-*ὶ-*ι-Ι

257 2617 287 2858 &got-*pp

256 2191 286 2591 90†¹.0³.³¹*?‘?0.¹02·‘

731 154 810 181 LEX
834 154 1146 182 BAIWARIORUM.

326 293 360 324 Si
386 304 522 324 uxorem
549 293 718 334 propriam
743 294 880 333 propter
904 292 1071 323 iuvidiam
1098 293 1276 323 dimiserit.

326 346 360 376 Si
386 347 625 387 desponsatam
650 356 718 376 non
743 346 923 386 acceperit.

327 399 362 430 Si
387 399 528 430 alterius
553 409 710 440 sponsam
734 399 898 439 rapuerit.

325 453 359 483 Si
385 452 606 493 promissione
631 452 793 482 feminam
818 452 1041 482 fraudaverit.

324 505 376 537 De
401 516 519 536 avorso
545 516 604 546 per
628 505 802 546 potionem
828 505 933 536 facto.

325 559 428 590 Vario
454 559 552 589 modo
578 559 662 589 dicit
687 559 727 589 de
752 569 881 589 avorso.

326 612 376 643 De
400 612 634 652 conpositione
659 612 769 642 avorsi
794 613 990 652 perpetrati.

323 665 376 696 De
401 666 565 696 diuturna
590 665 706 696 dolore
732 666 924 705 parentum.

325 719 376 749 De
401 719 581 749 debilitate
606 719 726 749 avorsi.

326 772 376 803 De
401 782 519 803 avorso
545 772 690 803 ancillae
715 773 754 802 ut
779 782 892 812 supra.

774 852 840 882 VI.
878 852 935 883 De
966 852 1100 882 furtu.

324 906 359 937 Si
384 906 470 937 liber
494 906 626 936 furtum
651 906 785 936 fecerit.

325 959 359 989 Si
384 960 418 989 in
444 959 587 990 ecclesia
611 959 787 990 furaverit.

326 1013 361 1043 Si
386 1013 545 1043 maiorem
572 1012 772 1052 peccuniam
797 1012 973 1043 furaverit.

324 1065 358 1096 Si
384 1066 527 1096 liberum
554 1066 725 1096 hominem
750 1065 926 1096 furaverit.

327 1119 393 1149 E'ur
416 1121 584 1150 nocturno
609 1122 761 1159 tempore
786 1121 905 1159 captus
930 1119 966 1149 in
989 1119 1096 1149 furto.

322 1172 357 1202 Si
382 1172 531 1203 alienum
557 1182 689 1203 servum
715 1172 848 1202 furtum
873 1172 1029 1203 suaserit.

322 1226 357 1257 Si
383 1226 536 1257 nesciens
561 1237 580 1256 a
604 1226 680 1257 fure
705 1226 834 1266 aliquid
861 1226 1108 1266 conparaverit.

322 1279 357 1310 Si
382 1290 502 1310 aurum
526 1280 579 1310 vel
605 1279 732 1320 species
762 1279 920 1319 reliquas.

325 1333 361 1363 Si
384 1333 518 1364 occulte
544 1333 693 1363 alienum
719 1333 846 1363 animal
871 1333 1096 1363 interfecerit.

322 1386 357 1417 Si
382 1397 461 1417 casu
487 1387 650 1417 occiderit
675 1386 824 1416 alienum
851 1386 989 1417 animal.

322 1440 373 1470 De
397 1440 640 1471 tintinnabulo.

323 1493 374 1524 De
399 1496 484 1524 orto.

322 1547 372 1577 De
397 1548 527 1577 furtiva
551 1557 587 1577 re.
613 1549 810 1587 conparata.

321 1600 417 1631 Idem
443 1603 482 1630 ut
507 1611 619 1641 supra.

319 1654 369 1684 De
394 1654 550 1684 custodia
573 1653 723 1684 furtivae
748 1654 806 1684 rei.

322 1707 372 1738 Dc
397 1707 631 1747 conpositione
656 1718 675 1737 a
698 1707 832 1737 latrone
857 1708 1009 1746 accepta.

321 1761 368 1792 Ut
392 1762 605 1791 sacramenta
631 1771 698 1791 non
723 1760 791 1790 cito
817 1760 911 1790 fiant.

322 1814 372 1844 De
396 1814 485 1844 falsa
510 1814 738 1854 suggestione.

322 1867 374 1898 De
398 1867 615 1898 accusatione
640 1867 727 1897 servi
753 1866 907 1897 alterius.

592 1947 684 1977 VII.
722 1947 780 1978 De
809 1946 1014 1977 incendio
1049 1946 1276 1977 domorum.

324 2001 374 2032 De
398 2001 596 2032 inmissione
620 2001 709 2041 ignis
733 2011 793 2041 per
816 2001 962 2030 noctem.

324 2055 375 2085 De
401 2055 508 2085 sooria
534 2054 643 2085 liberi.

603 2133 720 2164 VIII.
761 2134 816 2165 De
849 2135 1010 2165 minore
1042 2134 1258 2166 incendio.

324 2187 375 2219 De
400 2187 587 2218 culminum
613 2188 779 2219 eiectione
803 2188 1048 2219 aedificiorum.

324 2241 374 2271 De.
399 2241 478 2282 igne
502 2241 653 2271 immisso
678 2243 711 2272 et
736 2241 899 2272 extincto.

324 2295 374 2325 De
399 2295 621 2334 dissipatione
647 2294 748 2324 domi.

324 2348 375 2378 De
400 2347 558 2378 culmine.

324 2401 375 2432 De
400 2401 559 2431 columna
583 2401 751 2431 culminis.

324 2454 374 2485 De
399 2454 556 2494 angulari
581 2454 740 2485 columna.
763 2455 945 2485 interioris.

326 2508 375 2538 De
400 2508 521 2538 ceteris
546 2508 647 2537 huius
671 2508 800 2538 ordinis
825 2507 1006 2538 columnis.

326 2561 374 2592 De
400 2561 576 2592 exterioris
601 2561 729 2591 ordinis
754 2561 911 2601 angulari
937 2561 1106 2592 columna.

324 2614 374 2644 De
400 2615 521 2644 ceteris
546 2614 646 2644 huius
671 2614 799 2645 ordinis
825 2614 1001 2645 columnis.

324 2667 375 2697 De
399 2667 564 2697 trabibus.

281 2745 285 2750 .
324 2720 375 2751 De
400 2720 538 2760 spangis
562 2731 648 2760 quac
673 2721 819 2760 parietes
845 2721 1034 2752 continent.

325 2774 376 2803 De
402 2773 523 2804 ceteris
548 2773 694 2804 aedificii
719 2774 922 2814 sumptibus.

325 2827 376 2858 De
402 2827 508 2857 curtis
533 2826 764 2866 dissipatione.

1698 155 1761 184 263

1599 247 1663 272 haec
1681 248 1760 272 editio

1590 294 1688 330 VIII,
1710 297 1759 324 14.

1711 351 1760 378 15.

1711 404 1760 431 16.

1711 457 1760 485 17.

1711 511 1760 538 18.

1712 564 1760 591 19.

1709 617 1758 644 20.

1709 671 1760 697 21.

1708 723 1760 751 22.

1709 776 1760 804 23.

1590 906 1709 941 VIIII,
1731 910 1758 936 l.

1738 964 1749 981 υ

1730 968 1760 1202 nest-5205*

1730 1232 1759 1363 250¹?

1709 1390 1759 1418 11.

1710 1444 1759 1471 12.

1714 1497 1761 1523 13.

1692 1547 1759 1578 ’14.

1710 1603 1759 1631 15.

1710 1656 1759 1685 16.

1710 1710 1759 1738 17.

1710 1764 1758 1792 18.

1710 1817 1759 1844 19.

1708 1870 1759 1898 20.

1729 2057 1758 2085 ΕΟ
1755 2026 1759 2031 .

1730 2191 1759 2536 ΒΕΡΟἮΦΡ”Ξ·ΡΌ

1711 2617 1758 2643 11.

1711 2670 1757 2697 12.

1709 2723 1758 2751 13.

1712 2776 1759 2804 14.

1712 2829 1760 2856 15.
