2267 3105
113 1139 137 1158 10

113 1360 138 1379 15

151 169 205 203 IX,
223 169 276 197 20.
771 168 851 195 LEX
875 167 1189 196 BAIWARIORUM.
1739 167 1803 196 383

259 269 289 295 Si
308 277 372 295 vero
398 269 527 295 innocens
552 269 580 295 in
604 270 747 295 tormenta
774 270 897 294 mortuus
921 267 1011 302 fuerit,
1038 268 1106 294 duos
1131 276 1222 294 servos
1247 262 1397 293 eiusdem
1422 268 1513 294 meriti
1540 262 1611 293 Sine
1636 261 1803 293 dilatione

152 317 324 348 restituat.

259 375 288 401 Si
307 383 362 402 non
380 375 507 402 habuerit
531 379 665 400 servum
690 371 750 400 aut
774 374 846 401 unde
866 369 1027 408 conponab:
1053 374 1110 408 ipse
1130 369 1292 400 subiaceat
1313 374 1445 406 servituti,
1472 374 1518 408 qui
1545 374 1719 401 innocentem
1737 374 1804 400 fecit

153 419 251 446 occidi.

154 666 279 700 coyatur.
321 664 352 692 Si
375 672 449 692 vero
472 664 624 692 innocens
647 664 680 691 in
703 663 868 692 tormentis
892 665 1034 691 mortuus
1068 662 1108 691 vel
1136 662 1299 691 debilitatus
1328 662 1435 696 fuerit,
1464 663 1543 691 duos
1567 662 1677 699 equalis
1700 663 1803 690 meriti

155 726 260 746 servos
285 726 347 746 cum
370 717 464 745 eodem
488 717 615 745 domino
639 717 769 745 reddere
793 725 856 745 non
881 718 1037 749 moretur,
1070 718 1096 744 et
1119 715 1177 749 ille,
1202 715 1252 752 qui
1275 715 1438 744 debilitatus
1460 717 1510 749 est,
1534 715 1673 751 inyemlus
1696 715 1727 744 in
1746 725 1799 751 pa-

155 770 275 799 trocinio
298 770 406 798 domini
430 770 475 799 sui
493 772 672 806 permaneat.
699 792 704 797 .
732 793 737 798 .
765 790 771 797 .
799 790 805 797 .
832 792 838 799 .
854 790 871 798 ..
918 769 959 798 Et
982 770 1008 797 si
1031 768 1160 798 subditus
1183 768 1322 805 questioni
1344 770 1474 797 mortuus
1504 768 1604 803 fuerit,
1636 768 1726 805 adque
1755 769 1803 797 ille

154 824 203 860 qui
226 823 362 858 subdidit,
396 824 480 851 unde
504 832 673 860 conponere
702 832 766 851 non
797 823 958 857 habuerit,
990 823 1057 859 ipse
1081 822 1249 851 subdendus
1272 824 1313 850 est
1341 822 1495 856 servituti,
1527 823 1580 859 qui
1604 823 1804 850 innocentem

155 877 231 905 fecit
254 877 364 905 occidi.

264 1128 328 1161 Cap.
345 1128 411 1156 XX.
444 1130 452 1161 Η
486 1129 502 1155 Ζ.
520 1128 544 1155 1.
571 1127 610 1161 Si]
632 1127 673 1153 sin
694 1128 760 1159 Gw,·
779 1136 847 1154 corr.
868 1127 900 1154 L.
973 1127 1049 1161 vero]
1068 1129 1159 1153 autem
1179 1127 1219 1152 Bb
1227 1136 1238 1158 ‚·
1256 1135 1324 1154 corr.
1345 1127 1375 1154 L.
1443 1126 1481 1160 in]
1504 1127 1573 1152 inter
1591 1127 1654 1159 Αἶά,
1673 1127 1729 1159 le,
1748 1127 1808 1157 Mt,-

156 1173 183 1198 in
211 1181 288 1198 corr:
307 1172 379 1198 inter
397 1173 416 1198 Ἰ
430 1174 453 1200 l.
526 1172 659 1198 inforffla
677 1172 722 1199 Ch.
796 1171 939 1198 tormentis
953 1172 1002 1205 Bb,
1018 1172 1074 1203 Gw,
1087 1172 1154 1203 Her,
1174 1171 1255 1202 Sida,-
1273 1170 1416 1197 tormentis
1435 1179 1505 1199 corr.
1519 1171 1583 1204 P4‚·
1601 1173 1738 1197 tormento
1755 1171 1807 1203 Ad,

156 1218 218 1249 Bos,
237 1218 274 1249 K,
293 1217 351 1249 ΡΞ,
373 1217 422 1244 Τ2
440 1221 486 1249 (ηι.
507 1219 578 1248 rec),
602 1217 654 1242 Til.
726 1216 843 1242 moritur
861 1216 924 1243 Αἶά.
998 1215 1065 1242 duos
1084 1217 1124 1241 vel
1142 1215 1180 1243 II.
1250 1215 1317 1241 duos
1337 1231 1369 1234 —
1390 1215 1480 1241 meriti
1499 1217 1591 1241 desunt
1610 1217 1661 1248 Ay.
1739 1215 1807 1241 eius-

157 1261 228 1295 dem]
248 1261 304 1287 eius
323 1262 374 1288 Ad.
465 1261 556 1287 meriti
574 1262 641 1287 deest
660 1261 721 1286 Αἶά.
814 1260 918 1286 meritis
936 1260 993 1286 sine
1012 1261 1068 1293 My,
1087 1261 1142 1291 sP,·
1169 1259 1274 1286 meritis
1294 1260 1362 1286 inest
1382 1260 1414 1293 L,
1432 1268 1509 1285 corr:
1533 1260 1624 1286 meriti
1650 1259 1720 1285 inest
1738 1260 1787 1287 1³6
1798 1268 1809 1291 ,·

157 1305 261 1332 meritis
285 1305 372 1332 insine
391 1306 424 1337 J‚·
448 1305 552 1331 meritis
575 1305 642 1339 (sine
653 1305 689 1339 (P)
707 1307 828 1337 erasum)
848 1306 883 1332 H.
985 1304 1115 1331 dilatione
1140 1306 1208 1331 deest
1227 1305 1259 1338 L,
1279 1305 1347 1335 P6;
1372 1304 1538 1331 delationem
1556 1305 1600 1332 sP.
1633 1306 1642 1337 11
1680 1306 1697 1332 l.
1714 1305 1738 1332 2.
1763 1312 1806 1330 re-

157 1350 244 1376 stituit
263 1351 324 1383 Ep;
348 1349 459 1376 domino
478 1350 605 1376 restituat
623 1351 675 1383 Ad,
694 1350 757 1383 Αἶά,
778 1350 832 1376 le.

264 1404 280 1430 l.
297 1403 322 1430 3.
349 1403 458 1429 serbum
478 1403 532 1435 sP,·
550 1411 642 1430 servos
661 1403 731 1435 sich,
756 1403 780 1428 T
787 1405 804 1430 2
823 1405 871 1435 (m.
886 1405 1004 1436 prima).
1078 1404 1125 1428 aut
1143 1403 1211 1428 deest
1230 1403 1311 1433 Sz‘ch;
1331 1401 1384 1428 aud
1402 1402 1446 1433 L,·
1472 1410 1541 1429 corr.
1560 1402 1620 1429 R4.
1694 1401 1757 1428 inde
1776 1401 1808 1428 J.

158 1449 294 1481 eonponet
308 1448 362 1479 Ch,·
381 1448 511 1481 conponit
523 1448 583 1475 Αἶά,
634 1448 701 1482 ipse]
721 1447 760 1473 ibi
772 1447 821 1474 Mt.
876 1447 1009 1474 subiaciat
1022 1448 1073 1474 Ad.
1131 1446 1253 1472 servitati
1272 1455 1348 1473 corr:
1367 1446 1491 1473 servituti
1510 1447 1578 1477 P2,·
1597 1445 1737 1473 servitium
1751 1446 1806 1473 Pl.

158 1493 221 1525 quia
239 1493 302 1524 Αἶά,
325 1493 380 1525 Gw,
400 1492 455 1522 le,
474 1493 531 1519 P4.
605 1491 658 1518 feci
677 1491 802 1519 occidere
820 1492 864 1518 sP.
897 1493 906 1525 ΙΙ
938 1491 955 1519 Ζ.
973 1490 998 1519 4.
1025 1491 1133 1517 hoccidi
1153 1492 1212 1518 1³3.

266 1545 300 1571 In
319 1546 365 1571 Act
383 1547 505 1579 sequitur
523 1554 579 1579 cap.
597 1546 627 1571 X
632 1545 679 1579 VI,
695 1548 707 1573 1
729 1545 811 1571 huius
830 1546 962 1572 editioni&
