2267 3105
112 1067 123 1086 5

645 656 1298 731 PRAEFATIO.

563 831 645 866 DE
675 829 930 867 LEGIBUS
960 828 1391 866 BAIWARIORUM.

785 926 809 967 ἕ
835 930 863 958 1.
900 927 950 958 De
975 925 1062 967 ‘lege’
1087 926 1169 967 ipsa.

253 999 326 1030 Hac
361 1009 443 1030 nova
478 998 616 1030 editione
653 998 815 1039 imprimis
849 1009 887 1029 ea
922 998 973 1029 leoe
1010 997 1190 1029 continetur
1225 997 1276 1029 cui
1311 997 1376 1028 iam
1412 997 1532 1027 (ludum
1567 1006 1679 1027 nomen
1715 995 1803 1035 ‘leuis

147 1052 403 1084 Baiwariorum'
426 1052 566 1083 inditum
586 1055 638 1090 est,
664 1055 729 1083 tum
749 1052 872 1083 decreta
897 1050 1100 1083 conciliorum
1125 1061 1162 1082 ac
1185 1050 1381 1091 capitularia
1404 1060 1513 1090 requiri
1537 1060 1616 1090 quae
1641 1049 1685 1080 ad
1708 1049 1802 1088 leqem

146 1106 250 1147 ipsam
273 1108 301 1137 et
324 1106 368 1137 ad
390 1105 576 1137 Baizcarios
598 1108 751 1146 spectant.

253 1158 366 1198 Leyem
398 1158 641 1190 Baiioariorum
671 1161 856 1190 accuratam
887 1158 987 1198 lequm
1017 1157 1266 1198 compilationem
1297 1167 1362 1188 esse
1391 1167 1478 1188 nemo
1509 1159 1554 1187 est
1585 1155 1641 1196 qui
1673 1155 1802 1196 iqnoret.

151 1215 237 1252 (guae
267 1212 444 1253 compilatio
475 1212 577 1243 variis
608 1211 767 1244 codicibus
798 1211 922 1243 tradita
956 1214 985 1242 et
1016 1210 1052 1242 in
1080 1210 1178 1242 XXI
1198 1211 1244 1242 vel
1270 1210 1391 1241 XXII
1409 1209 1517 1241 titulos
1546 1212 1641 1249 atque
1671 1209 1738 1247 fere
1770 1208 1801 1239 iii

153 1264 238 1297 CCL
262 1265 378 1305 capita,
410 1268 445 1297 ut
467 1265 588 1303 dicunt,
615 1265 720 1297 divisa
743 1275 838 1304 quam
864 1264 1027 1304 plurimas
1049 1264 1136 1295 iuris
1162 1267 1273 1304 partes
1296 1263 1503 1304 amplectitur.
1557 1261 1635 1294 Cum
1658 1262 1714 1293 τὰν
1737 1262 1803 1293 ulla

104 1334 128 1352 10
142 1329 224 1359 pars
246 1319 329 1350 vitae
349 1319 498 1360 publicae
517 1319 725 1359 privataeque
749 1318 867 1349 omissa
891 1321 946 1355 est,
974 1320 1040 1349 tum
1065 1317 1304 1349 accuratissime
1328 1317 1365 1348 de
1388 1316 1516 1348 iuribus
1535 1315 1681 1347 ecclesiae
1704 1315 1803 1346 ducis-

104 1600 129 1618 15

105 1866 131 1885 20

107 2132 131 2151 25

109 2398 134 2417 30

111 2662 135 2682 35

146 1383 204 1412 que
219 1371 462 1403 Baiwariorum
486 1375 515 1403 et
538 1372 575 1404 de
599 1371 836 1412 quaestionibus
857 1372 901 1402 ad
920 1371 970 1402 ius
988 1370 1155 1410 publicum
1173 1369 1413 1411 pertinentibus
1431 1369 1466 1400 in
1483 1380 1520 1401 ea
1539 1369 1657 1409 aqitur.
1695 1369 1804 1408 Neque

148 1426 200 1457 ius
224 1425 391 1466 privatum
420 1435 518 1465 neque
548 1425 716 1457 criminale
746 1424 874 1456 omnino
902 1423 1165 1465 praetermissum
1198 1434 1262 1455 esse
1286 1423 1411 1455 dixeris
1440 1433 1538 1462 neque
1563 1425 1736 1463 praecepta
1767 1422 1804 1452 (le

147 1478 253 1510 causis
276 1478 409 1518 ayendis
433 1479 555 1510 desunt.
602 1478 695 1510 Licet
725 1478 761 1509 in
792 1478 850 1509 liac
886 1478 949 1517 leye
981 1478 1057 1508 ordo
1081 1480 1110 1509 et
1145 1480 1296 1508 accurata
1320 1476 1422 1508 omnis
1445 1476 1530 1507 iuris
1554 1475 1717 1516 dispositio
1740 1486 1804 1506 non

148 1531 341 1571 inveniatur,
367 1535 472 1563 tamen
496 1531 748 1563 coniunctionem
772 1532 934 1572 quandam
961 1530 1109 1572 partium
1141 1530 1228 1562 'inter
1251 1541 1282 1561 se
1313 1529 1547 1562 cohaerentium
1570 1529 1629 1560 bac
1652 1529 1714 1569 leye
1737 1539 1803 1560 con-

147 1585 246 1617 tineri
269 1596 385 1625 neyare
408 1596 470 1617 non
489 1589 587 1626 potes.

258 1640 360 1678 Quam
384 1639 480 1679 leqem
503 1650 543 1671 esc
566 1638 671 1671 variis
694 1638 838 1677 fontibus
864 1638 955 1677 iuris,
982 1641 1016 1669 ut
1033 1640 1143 1677 postea
1165 1636 1443 1674 demonstrabitur,
1469 1639 1570 1667 ortam
1589 1646 1653 1667 esse
1672 1647 1711 1667 eat
1733 1635 1804 1676 ipsa

148 1692 356 1733 dispositione
379 1692 530 1724 materiae
553 1692 605 1724 hic
628 1692 695 1723 illic
719 1702 901 1732 coqnoscas5
932 1691 998 1722 iam
1023 1691 1060 1722 in
1082 1690 1201 1732 primis
1225 1690 1325 1721 titulis
1348 1701 1372 1721 e.
1395 1700 1425 1730 y.
1451 1689 1703 1721 retractationem
1727 1689 1805 1729 leyis

148 1756 255 1786 reyum
278 1745 480 1777 Francorum
504 1756 598 1786 quam
622 1745 812 1786 temporibus
836 1744 1071 1784 DIerovinyicis
1094 1747 1195 1775 ortam
1221 1754 1285 1775 esse
1309 1753 1371 1784 pro
1395 1746 1476 1774 certo
1500 1742 1626 1779 habeas,
1657 1742 1692 1773 in
1716 1742 1804 1773 titulo

151 1799 224 1830 XV
244 1801 273 1830 et
300 1798 396 1830 XVI
422 1799 521 1831 multa
552 1799 658 1840 capita
693 1798 843 1830 continua
874 1808 889 1829 e
923 1798 986 1838 leye
1017 1797 1134 1829 Eurici
1165 1797 1250 1837 reqis
1280 1796 1516 1836 Visiyotlzorum
1543 1796 1736 1836 deprompta,
1768 1796 1804 1827 in

151 1851 252 1883 titulis
270 1851 410 1883 XVIII
429 1855 459 1884 et
482 1863 563 1892 seqq.
589 1852 657 1883 alia
677 1863 692 1883 e
712 1852 775 1891 lesse
793 1851 904 1883 Saliea
923 1854 1051 1892 sumpta
1075 1861 1139 1882 esse
1163 1850 1294 1882 videbis.
1334 1850 1435 1889 Adde,
1460 1850 1541 1889 quod
1565 1860 1580 1880 e
1604 1849 1805 1889 dispositione

152 1905 312 1937 titulorum
344 1906 369 1936 I
374 1906 442 1937 V—
454 1906 484 1937 V
483 1906 506 1936 I
532 1905 640 1937 statim
678 1905 892 1945 intelle-(limus
922 1904 1190 1936 enumerationem
1226 1903 1473 1944 conpositionum
1509 1913 1587 1943 quae
1622 1903 1657 1933 ob
1693 1903 1804 1934 delicta

150 1961 260 1990 eontra
284 1958 396 1990 liberos
421 1958 549 1990 libertos
572 1969 736 1998 servosque
760 1958 926 1990 commissa
950 1961 1024 1989 sunt
1048 1958 1222 1997 solvendae,
1245 1968 1282 1988 ea*
1298 1957 1396 1988 edicto
1413 1956 1697 1996 Langobardorum
1721 1956 1805 1997 reglis

151 2011 291 2043 Rotlzari
314 2012 471 2052 oriqinem
495 2011 632 2043 duxisse.

264 2065 362 2096 Valde
392 2065 458 2097 viri
489 2065 571 2096 docti
595 2065 678 2097 inter
701 2076 733 2096 se
757 2064 982 2103 dissenserunt,
1015 2074 1077 2104 qua
1103 2064 1226 2095 ratione
1249 2063 1421 2103 quibusque
1445 2062 1635 2103 temporibus
1658 2062 1734 2093 baec
1757 2062 1806 2093 lea*

150 2122 219 2150 orta
248 2118 298 2150 sit.
347 2118 427 2150 Nisi
457 2130 472 2150 e
498 2118 630 2159 proloqo
660 2129 750 2158 quem
780 2118 817 2149 in
843 2117 999 2159 plurimis
1027 2117 1185 2149 codicibus
1210 2121 1282 2148 ante
1306 2117 1388 2148 lianc
1412 2117 1516 2156 leyem,
1541 2116 1577 2147 in
1601 2116 1680 2147 aliis
1702 2119 1804 2147 autem

151 2174 223 2203 ante
246 2171 340 2211 leyem
364 2171 638 2210 Alamannorum,
671 2171 705 2203 in
737 2171 815 2203 aliis
838 2174 911 2202 ante
935 2171 1030 2211 leyem
1056 2170 1197 2202 Salicum
1228 2174 1256 2202 et
1284 2170 1517 2210 Visiyotlzorum
1547 2169 1691 2209 livinius,
1722 2168 1805 2199 nihil

151 2226 188 2256 dc
218 2225 342 2265 oriyine
372 2225 597 2266 comperimus,·
631 2228 666 2257 at
697 2224 826 2256 dubium
857 2235 921 2256 esse
951 2223 1070 2264 nequit,
1108 2224 1184 2264 quin
1208 2223 1259 2255 hic
1283 2224 1442 2264 prologus,
1478 2223 1508 2254 si
1537 2222 1677 2254 (i'zcetori's
1702 2222 1805 2263 ipsius

152 2279 245 2310 verba
267 2278 407 2318 respici-5,
432 2279 496 2317 leae
519 2278 590 2318 ipsa
613 2277 777 2315 recentior,
802 2281 831 2309 et
852 2278 881 2309 si
905 2278 949 2309 ad
971 2277 1209 2309 dissertationes
1231 2288 1251 2308 a
1270 2277 1349 2308 ¹viris
1368 2276 1466 2308 doctis
1485 2287 1586 2317 nuper
1609 2275 1806 2315 conscriptas

151 2331 296 2363 animum
319 2331 470 2369 advertis,
495 2342 558 2363 non
581 2341 619 2363 ex
642 2331 729 2363 omni
753 2334 848 2371 parte
877 2332 940 2370 fide
968 2330 1083 2371 diqnus
1111 2330 1160 2361 sit.
1208 2331 1269 2362 Est
1291 2330 1375 2362 enim
1395 2330 1518 2371 partim
1542 2340 1581 2360 ew
1605 2328 1805 2368 ‘Oriyinibus

151 2395 205 2416 seu
235 2384 459 2425 Etymoloqiis'
492 2385 603 2417 Sancti
634 2385 758 2417 Isidori
788 2384 923 2425 episcopi
959 2383 1175 2424 Hispalensis,
1206 2383 1330 2424 partim
1364 2394 1404 2415 ex
1432 2383 1555 2414 incerta
1587 2381 1805 2413 retractatione

152 2438 354 2469 narrationis
377 2439 566 2479 deprompta,
598 2448 678 2478 quae
701 2438 738 2469 in
769 2437 888 2478 epiloyo
913 2437 992 2478 leqis
1017 2437 1145 2469 Salicae
1176 2438 1213 2468 de
1243 2436 1312 2468 eius
1336 2436 1459 2476 oriqine
1483 2435 1677 2469 continetur
1711 2445 1805 2474 quam

152 2490 370 2522 narrationem
404 2491 442 2522 in
467 2492 597 2531 proloqo
627 2491 705 2531 leqis
735 2491 976 2522 Baiuariorum
1011 2490 1130 2529 falsam
1165 2501 1229 2521 esse
1264 2490 1329 2521 iam
1357 2500 1396 2521 ea·
1426 2500 1458 2520 eo
1489 2488 1694 2529 intdlcyitur,
1725 2489 1806 2528 quod

152 2554 214 2575 uno
232 2544 395 2583 eodemque
419 2547 561 2585 tempore,
586 2544 674 2576 utin
695 2545 822 2585 proloqo
844 2547 1011 2583 narratur,
1038 2544 1117 2583 leqes
1138 2543 1249 2575 Salica
1272 2546 1301 2575 et
1315 2542 1480 2574 Ribuaria
1504 2545 1532 2573 et
1550 2542 1804 2574 Alamannorum

153 2600 181 2628 et
203 2597 445 2628 Baiwariorum
476 2601 562 2629 ortae
586 2608 650 2630 esse
673 2609 735 2629 non
761 2596 927 2637 possunt¹.
976 2597 1070 2628 Nihil
1099 2597 1165 2628 nisi
1195 2607 1232 2628 ea
1260 2606 1341 2636 pars
1365 2596 1489 2636 proloyi
1519 2606 1599 2635 quae
1622 2596 1659 2626 de
1688 2595 1806 2634 leuibus

153 2661 174 2682 a
198 2649 374 2690 Dayoberto
397 2661 468 2691 reqe
492 2651 692 2682 Francorum
716 2650 792 2682 latis
815 2650 894 2691 ayit,
926 2660 1034 2681 rerum
1065 2649 1176 2681 haberi
1202 2652 1322 2689 potest:
1352 2649 1413 2680 etsi
1435 2659 1499 2680 non
1524 2652 1586 2680 tota
1617 2649 1667 2680 lese
1689 2649 1728 2679 ab
1752 2647 1805 2678 illo

154 2714 225 2744 reye
249 2703 393 2744 profecta
417 2707 469 2742 est,
498 2707 603 2735 tamen
627 2703 789 2735 Henricus
812 2703 967 2735 Brunner
985 2703 1136 2744 probasse
1163 2703 1287 2734 ridetur
1311 2702 1454 2743 primum
1482 2705 1511 2733 et
1538 2702 1706 2733 secundum
1730 2701 1805 2739 lessi-s·

265 2813 293 2854 1)
326 2817 374 2852 Cf.
398 2817 440 2846 H.
462 2818 608 2850 Brunuer,
634 2816 785 2846 ‘Deutselie
809 2816 1079 2853 Rechisqe.s·clzieme'
1101 2816 1122 2844 I
1128 2820 1148 2849 ²,
1171 2826 1200 2852 p.
1220 2817 1284 2845 420
1300 2825 1341 2852 sq.
