2267 3105
159 167 197 200 11,
217 168 246 195 9.
774 167 854 196 LEX
880 167 1192 197 BAIWARIORUM.
1747 171 1810 200 :303

159 267 248 294 adhue
275 270 354 302 pater
381 268 437 294 eius
465 270 555 302 potest
590 262 716 293 iudicio
753 263 970 300 contendere,
1007 263 1043 294 in
1080 270 1200 296 exercitu
1236 264 1423 302 ambulare,
1457 265 1622 306 populum
1647 265 1810 303 iudicare,

159 329 258 354 equum
292 315 437 347 viriliter
469 320 629 354 ascendere,
665 325 760 347 arma
789 326 851 347 sua
883 316 1047 348 vivaciter
1073 317 1264 353 baiulare13
1297 328 1366 349 non
1391 320 1442 349 est
1466 319 1589 349 surdus
1614 329 1675 350 nee
1700 329 1810 356 cecus,

158 369 193 399 in
225 368 382 400 omnibus
413 368 595 400 iussionem
628 374 700 408 regis
726 376 816 408 potest
842 375 989 409 implere&
1020 370 1107 401 sciat
1137 380 1172 401 se
1203 370 1263 401 ille
1294 370 1385 401 filius
1411 373 1529 402 contra
1554 371 1663 412 legem
1689 372 1810 404 fecisse

158 431 185 454 et
211 427 244 453 de
268 427 420 454 hereditate
438 421 529 461 patris
553 422 606 452 sui
630 431 702 453 esse
727 422 896 453 deiectum
924 424 958 454 eb
981 428 1049 454 nihil
1075 429 1190 462 amplius
1213 429 1247 454 ad
1267 437 1328 455 eum
1348 430 1491 463 pertinere
1517 425 1558 455 de
1582 425 1811 456 facultatibus

122 486 134 504 5
158 475 264 516 patris
295 474 357 511 sui,
390 476 425 505 et
456 474 520 506 hoe
550 481 576 506 in
601 482 736 514 potestate
760 475 849 516 regis
873 475 927 506 vel
956 475 1063 516 patris
1091 476 1143 506 sui
1175 476 1249 513 erit,
1281 478 1320 507 ut
1347 482 1439 508 exiliet
1465 491 1526 509 eum
1551 478 1579 508 si
1603 484 1669 511 vult.
1713 478 1810 509 Nihil

157 528 251 558 aliud
276 527 403 559 habeat
427 528 462 558 in
487 529 694 568 potestatem
726 528 792 559 nisi
823 528 914 568 quod
946 538 1005 569 per
1030 529 1263 560 misericordia
1291 540 1350 561 rex
1374 529 1429 561 vel
1453 532 1552 571 pater
1575 531 1648 562 eius
1674 532 1754 562 dare
1780 532 1810 562 ei

157 580 339 612 voluerint.

263 648 299 674 Et
324 648 345 674 si
376 643 601 684 supervixerit
635 645 767 684 patrem
804 653 900 674 suum
938 645 973 675 et
1007 643 1092 675 alios
1122 650 1220 677 fratres
1247 651 1388 683 habuen’t,
1414 659 1468 677 non
1495 651 1560 677 dent
1586 646 1616 677 ei
1646 653 1809 685 portionem,

156 877 222 904 eius
248 879 350 912 potens
380 878 421 905 est
452 878 478 904 et
508 875 657 905 utilitatem
692 877 765 913 reqis
796 879 901 914 potest
926 878 1021 911 facere
1043 880 1069 906 et
1092 879 1264 906 exercitum
1287 879 1456 915 yabernare,
1488 888 1604 916 equum
1628 880 1807 913 ascendere,

112 941 136 960 10
155 929 306 958 utilitatem
336 930 417 966 regis
448 930 587 966 implere,
620 932 646 957 et
676 929 754 964 filius
784 930 844 958 eius
875 940 936 959 eum
966 931 1027 959 vult
1059 932 1264 959 dishonorare
1295 934 1345 960 aut
1366 941 1421 967 per
1445 935 1560 969 raptam
1584 942 1717 969 regnum
1741 934 1808 961 eius

150 982 310 1018 possedere,
337 991 391 1011 non
414 983 541 1011 obteneat
563 982 637 1018 quod
659 982 811 1011 inchoavit.
860 983 900 1012 Et
923 984 949 1012 si
971 986 1057 1020 pater
1080 985 1140 1013 eius
1164 994 1226 1012 eum
1249 984 1349 1013 vicerit
1372 988 1398 1013 et
1421 985 1649 1021 adpraehendere
1668 986 1806 1022 potuerit,

155 1037 186 1063 in
211 1045 268 1064 sua
291 1035 365 1064 enim
387 1035 426 1064 sit
443 1037 609 1072 potestate,
640 1038 691 1064 aut
717 1037 822 1065 exiliet
851 1046 925 1065 eum
955 1037 988 1066 de
1012 1037 1167 1073 provincia
1197 1040 1247 1066 aa!
1276 1039 1440 1075 ubicumque
1464 1039 1602 1072 voluerit,
1632 1039 1810 1067 transmittat

154 1098 215 1117 eam
240 1091 289 1117 aut
312 1098 376 1125 reye
399 1088 512 1117 domino
535 1097 602 1124 suo;
634 1091 666 1117 et
697 1090 735 1117 de
763 1090 938 1119 hereditate
968 1093 1096 1128 paterna
1127 1092 1263 1128 amplius
1287 1092 1328 1119 ad
1353 1101 1425 1120 eum
1450 1093 1527 1120 nihil
1552 1093 1714 1129 pertineat,
1739 1092 1809 1128 qaia

154 1142 294 1171 inlicitam
317 1151 376 1170 rem
400 1144 499 1170 contra
517 1144 633 1178 patrem
656 1151 738 1170 suam
763 1143 839 1177 fecit.
889 1144 918 1172 2.
949 1144 987 1172 Et
1012 1145 1037 1172 si
1061 1144 1173 1173 fratres
1198 1145 1352 1179 habuerit,
1384 1145 1443 1181 ipsi
1475 1146 1584 1179 fraires
1608 1146 1682 1174 inter
1705 1154 1733 1174 se
1752 1155 1808 1182 per

112 1207 135 1226 15
154 1195 324 1224 voluntatem
347 1195 423 1231 reyis
445 1195 577 1224 dividant
600 1195 785 1224 hereditatem
804 1197 904 1232 patris
921 1206 1034 1232 eorum,·
1059 1197 1097 1226 acl
1116 1197 1198 1226 illum
1215 1200 1306 1226 aulem
1332 1198 1380 1234 qai
1404 1199 1550 1227 revellavlt
1574 1201 1672 1227 contra
1692 1202 1808 1235 patrem

153 1257 245 1282 saum,
271 1257 334 1276 non
359 1249 435 1277 dent
455 1249 631 1285 portionem
650 1249 724 1278 inter
748 1250 828 1285 ipsis.
870 1251 909 1278 Et
933 1251 958 1278 si
982 1251 1106 1286 amplius
1128 1260 1183 1279 ‘non
1208 1251 1317 1285 fuerint
1340 1251 1396 1279 nisi
1414 1252 1463 1280 ille
1483 1261 1553 1280 anas
1577 1252 1625 1288 qai
1648 1252 1805 1285 revellamit,

259 1484 324 1517 Cap.
345 1484 440 1511 VIIII.
473 1486 482 1517 ss
514 1484 530 1511 l.
549 1484 572 1511 l.
600 1486 678 1517 pater
704 1483 761 1510 eius
786 1484 875 1510 adhuc
896 1485 943 1516 Ch,
962 1485 1014 1518 Ep,
1034 1485 1064 1517 J,
1086 1485 1142 1515 T1‚
1166 1485 1209 1515 W;
1237 1484 1326 1510 adhuc
1351 1487 1430 1518 pater
1456 1486 1513 1511 eius
1538 1485 1605 1511 vivit
1625 1486 1690 1518 My;
1718 1485 1806 1512 adhuc

151 1531 229 1562 pater
247 1528 313 1554 vivit
332 1529 383 1556 Mt.
458 1529 486 1554 in
505 1528 606 1554 iudicio
624 1530 716 1562 potest
735 1528 802 1560 le;
827 1532 887 1562 post
907 1529 1038 1555 iudicium
1061 1531 1112 1556 Alt.
1192 1529 1323 1556 iudicium
1342 1531 1396 1562 Alt,
1418 1531 1450 1562 B,
1471 1531 1532 1562 Bos,
1553 1530 1601 1561 Ch,
1621 1531 1673 1563 Ep,
1694 1530 1749 1561 Gw,
1771 1531 1805 1561 H,

151 1573 179 1605 J,
206 1574 238 1606 L⁷
257 1573 313 1606 My,
333 1574 382 1605 Mt,
402 1575 460 1606 P6,
483 1574 521 1604 T,-
548 1572 668 1599 iudicare
688 1574 745 1602 Bb,·
773 1573 800 1598 in
826 1573 927 1599 iudicio
947 1574 1009 1606 Ald,
1028 1574 1084 1601 le.
1181 1574 1345 1600 contendere
1370 1575 1438 1600 deest
1464 1575 1511 1605 Bb,
1538 1575 1578 1607 W,·
1607 1574 1724 1601 condere
1748 1577 1806 1605 sp,-

107 1628 133 1647 20
151 1617 316 1644 contendere
336 1620 363 1644 et
382 1619 440 1645 Ρ6.
525 1617 676 1644 exercitum
698 1618 745 1650 Ch,
765 1618 816 1651 Ep,
836 1618 892 1651 My,
912 1618 960 1649 Mt,
979 1618 1035 1651 Ρ2,
1048 1620 1072 1650 6,
1091 1621 1137 1650 εΡ,
1160 1619 1200 1650 Τ,·
1229 1619 1315 1644 ercitu
1337 1619 1391 1648 Gw,
1478 1619 1609 1652 populum
1629 1635 1664 1638 —
1683 1618 1805 1644 baiulare

150 1664 242 1688 desunt
266 1663 319 1689 ΑΗ.
428 1662 530 1696 populo
556 1662 608 1696 Ep,
637 1662 692 1695 Gw,
718 1662 750 1695 L,
777 1664 842 1693 P6,·
868 1663 984 1696 populos
1009 1663 1061 1695 Ad,
1087 1663 1134 1690 Bb.
1174 1665 1183 1694 Η
1222 1664 1236 1690 l.
1255 1663 1279 1689 2.
1307 1672 1423 1696 aequum
1443 1663 1472 1695 J,
1491 1664 1547 1694 Pl,
1563 1665 1587 1696 6,
1610 1664 1678 1694 T1,·
1703 1671 1803 1700 equum

150 1708 201 1740 Ay,
221 1707 276 1739 My,
295 1707 353 1734 1²2.
427 1708 623 1734 aseendendere
642 1707 756 1733 viriliter
775 1707 832 1733 1²2.
900 1715 947 1733 sua
966 1708 1035 1733 deest
1053 1708 1102 1733 Mt.
1169 1707 1303 1734 veraciter
1320 1708 1382 1740 Ep;
1409 1708 1541 1734 velociter
1560 1710 1616 1735 P6.
1685 1707 1804 1733 baialare

152 1753 215 1778 P6:
243 1751 371 1785 bayolare
401 1751 467 1783 Gw,·
494 1751 614 1777 baiolare
643 1751 694 1784 Ad,
723 1751 784 1784 Ald,
814 1752 846 1783 Β,
875 1752 922 1783 Bb,
952 1752 1014 1784 Bos,
1043 1752 1092 1783 Ch,
1120 1752 1177 1784 «ΠΖ,
1207 1752 1231 1777 L
1260 1754 1307 1785 (m.
1333 1754 1449 1785 prima),
1481 1753 1527 1779 Tl
1557 1754 1605 1784 (m.
1631 1754 1748 1785 prima),
1778 1754 1803 1783 2,

150 1796 204 1829 My,
220 1796 267 1829 Mt,
285 1796 340 1827 sP,·
366 1796 498 1822 bauulare
516 1796 546 1825 J,-
565 1795 688 1822 batalare
709 1796 789 1823 Lina.
881 1798 907 1822 et
927 1805 982 1822 non
1001 1797 1064 1829 Αἶά,
1083 1796 1138 1825 Jl2.
1230 1798 1271 1822 est
1290 1797 1358 1822 deest
1377 1797 1417 1822 Bb
1425 1806 1436 1827 ,·
1464 1796 1535 1822 enim
1556 1796 1608 1829 Ep,
1628 1797 1667 1823 W.
1752 1805 1803 1822 nec

106 1850 131 1869 «ιε,
150 1848 238 1874 neque
252 1841 301 1872 Ch,
317 1841 349 1873 G,
362 1840 415 1871 sP,·
433 1849 487 1866 non
507 1841 555 1868 Bb.
615 1849 693 1866 cecus
712 1842 739 1866 et
758 1849 828 1868 corr.
851 1841 906 1868 Τ1.
934 1843 943 1873 Η
969 1841 984 1868 l.
999 1840 1023 1868 3.
1044 1841 1207 1867 iussionibus
1226 1841 1283 1868 P6.
1318 1841 1415 1867 Glossa
1434 1850 1454 1868 s.
1469 1841 1527 1866 XV
1545 1842 1573 1866 in
1592 1844 1714 1873 maryine
1733 1842 1803 1866 add:

150 1884 212 1910 Dux
232 1884 377 1910 iussionem
397 1885 469 1919 regis
488 1885 601 1918 impleat
624 1885 680 1912 Τ1.
763 1885 835 1919 regis
854 1886 923 1911 deest
942 1886 1004 1918 Bos,
1025 1886 1073 1912 Ch.
1156 1894 1184 1911 se
1204 1885 1249 1912 ille
1267 1885 1349 1920 filius]
1370 1885 1415 1911 ille
1434 1885 1506 1911 filius
1525 1894 1552 1911 se
1571 1885 1643 1917 Ald,·
1668 1886 1713 1911 ille
1732 1885 1804 1911 filius

149 1929 206 1956 1³4.
280 1929 326 1955 ille
345 1928 416 1955 filius
435 1930 478 1955 his
497 1929 583 1954 verbis
604 1932 697 1963 incipit
716 1933 805 1955 textus
823 1931 852 1955 in
871 1931 917 1961 K,·
941 1929 1013 1955 filius
1032 1930 1077 1955 ille
1095 1930 1153 1957 1²2.
1245 1930 1304 1964 lege
1323 1931 1367 1957 sP.
1459 1930 1566 1956 fecisset
1591 1930 1613 1963 (t
1631 1930 1749 1963 erasum)
1770 1930 1801 1956 L.

150 1975 166 2000 l.
183 1972 208 2000 4.
236 1973 269 1999 de
294 1974 362 1999 deest
387 1974 453 2005 Her,
473 1974 528 2006 My,
548 1974 596 2006 Ml,
616 1974 655 2001 W.
747 1974 928 2000 hereditatem
947 1974 1002 2007 My,
1021 1974 1077 2006 sP,-
1098 1974 1219 2000 heditate
1238 1975 1295 2001 Pl.
1387 1982 1414 2000 se
1436 1983 1493 2000 esse
1512 1975 1565 2006 Ad,
1585 1975 1617 2006 B,
1637 1975 1686 2006 Mt,
1705 1974 1763 2006 Ρ2,
1776 1976 1801 2001 4.

149 2017 265 2044 eiectum
286 2019 347 2050 Bos,
368 2018 415 2051 Ch,
433 2018 502 2049 P4;
520 2017 672 2044 subiectum
694 2019 745 2051 Ep.
800 2018 892 2051 nichil,
912 2018 990 2052 nihil]
1009 2019 1077 2045 deest
1089 2019 1150 2051 Ald,
1163 2019 1220 2044 le.
1276 2018 1311 2044 ad
1330 2027 1392 2044 eum
1412 2019 1528 2052 amplius
1543 2020 1586 2050 G‚·
1605 2018 1639 2044 ad
1658 2027 1721 2045 eum
1737 2019 1802 2049 le,·

105 2072 131 2090 30
149 2063 264 2096 amplius
284 2062 318 2088 ad
338 2071 400 2088 eum
426 2071 481 2088 non
500 2062 562 2089 Ald.
653 2062 836 2088 facultatebus
858 2071 936 2088 corr:
955 2062 1130 2089 facultatibus
1149 2065 1212 2093 P4;
1241 2063 1370 2089 facultate
1389 2064 1420 2090 L.
1453 2065 1462 2096 Η
1494 2063 1512 2091 l.
1528 2063 1551 2090 5.
1579 2063 1620 2089 sui
1639 2064 1707 2089 deest
1726 2064 1802 2093 Her,-

148 2107 202 2133 suis
219 2108 264 2134 sP.
339 2109 366 2133 et
384 2108 451 2133 deest
470 2108 521 2140 Ay,
542 2107 574 2134 B.
662 2106 695 2133 de
714 2107 766 2133 hoc
786 2108 843 2134 P6.
934 2109 1098 2140 potestatem
1117 2108 1161 2134 sP.
1252 2108 1354 2142 regis
1373 2108 1428 2134 vel
1448 2108 1531 2142 patris
1551 2108 1591 2133 sui
1610 2109 1661 2141 Ay,
1684 2108 1715 2140 G,
1735 2110 1801 2140 Her,

148 2152 183 2183 K,
204 2152 259 2185 My,
279 2152 326 2184 Mt,
346 2152 431 2179 Pl—
441 2153 465 2184 5,
487 2152 535 2179 ΤΞ
555 2154 602 2183 (m.
624 2153 774 2184 recentiam,
797 2152 847 2183 Til,
867 2152 900 2183 V,·
926 2151 996 2185 regis
1015 2152 1058 2177 vel
1077 2152 1149 2185 patri
1168 2152 1209 2178 sui
1227 2153 1283 2183 sP,·
1301 2152 1386 2186 patris
1406 2152 1446 2178 sui
1466 2155 1520 2179 cett.
1594 2152 1646 2178 erit
1664 2153 1732 2178 deest
1752 2152 1800 2178 Ch.

147 2196 199 2222 ibit
220 2197 269 2223 127.
374 2197 414 2230 ut]
442 2199 470 2222 et
491 2196 522 2223 G.
626 2195 732 2222 exsiliet
750 2196 817 2227 P3,-
844 2196 989 2222 exilientur
1007 2196 1075 2228 P4,·
1103 2196 1175 2223 exiet
1193 2197 1263 2228 P5;
1291 2197 1384 2222 exulat
1402 2197 1464 2229 Ald,
1485 2197 1540 2223 le.
1635 2196 1656 2222 si
1682 2196 1727 2222 vul
1746 2196 1801 2227 sP,·

147 2241 170 2267 si
189 2241 246 2267 volt
263 2241 330 2273 le,·
351 2241 373 2267 si
392 2239 489 2267 volunt
507 2241 532 2266 P
539 2242 573 2272 4,·
592 2240 717 2266 similiter
735 2241 767 2268 L.
834 2240 910 2274 nihil,
930 2240 1023 2275 nichil]
1043 2241 1108 2267 nicli
1127 2241 1166 2268 W.
1199 2243 1208 2274 Ι]
1241 2241 1256 2268 l.
1274 2241 1298 2267 6.
1326 2241 1400 2267 aliud
1419 2242 1487 2267 deest
1506 2242 1565 2272 Bb;
1585 2241 1652 2266 aliut
1671 2242 1722 2274 Ep,
1742 2241 1767 2265 P
1774 2241 1799 2272 6,

103 2293 128 2312 ³5
146 2288 191 2312 sP.
265 2285 346 2311 abeat
363 2286 389 2311 P
396 2287 421 2312 3.
511 2285 540 2311 in
558 2286 627 2310 deest
646 2285 694 2317 Bb,
715 2285 777 2317 Bos,
798 2285 846 2318 Ch,
865 2285 918 2318 Ep,
937 2285 972 2318 H,
993 2285 1021 2317 J,
1043 2286 1100 2317 Τ1,
1121 2285 1160 2312 W.
1251 2288 1386 2319 potestate
1406 2286 1458 2318 Ad,
1477 2286 1538 2318 Ald,
1558 2285 1614 2317 Alt,
1634 2286 1666 2316 B,
1689 2285 1721 2317 G,
1743 2285 1799 2318 Gw,

147 2330 203 2363 le,
222 2331 254 2363 L,
274 2331 328 2363 My,
347 2330 396 2362 Mt,
415 2330 473 2363 Pl,
486 2332 512 2363 4,
535 2330 592 2358 Te.
650 2331 824 2363 potestatem,
843 2339 877 2356 m.
896 2332 1024 2356 recentior
1042 2338 1117 2355 corr:
1135 2331 1278 2363 potestatis
1297 2331 1346 2357 Bb.
1411 2330 1484 2364 quod
1504 2331 1572 2356 deest
1591 2330 1645 2361 Alt,
1666 2330 1714 2361 Bb,
1734 2330 1797 2362 Bos,

149 2374 196 2407 Ch,
221 2374 273 2408 Ep,
299 2374 334 2404 H,
354 2374 382 2406 J,
402 2374 457 2407 My,
479 2374 537 2405 P6,
560 2375 617 2407 Τ1,
632 2376 649 2401 2
668 2376 716 2406 (m.
732 2375 850 2407 prima),
870 2374 912 2405 W,·
936 2383 1022 2407 supra
1041 2374 1139 2400 lineam
1158 2374 1191 2407 B,
1210 2375 1242 2402 L,
1333 2383 1383 2408 per
1401 2375 1469 2400 deest
1491 2375 1522 2401 G.
1614 2373 1799 2399 misericordia

149 2419 181 2451 G,
200 2419 232 2451 L,
252 2421 311 2452 P3,
332 2420 362 2448 V,·
381 2418 529 2445 amicitiam
548 2419 613 2448 P6,·
632 2418 846 2444 misericordiam
865 2421 922 2446 cett.
1011 2427 1059 2444 rex
1078 2419 1122 2445 vel
1140 2420 1234 2445 desunt
1253 2419 1304 2451 Ad,
1326 2420 1385 2451 Ald,
1404 2419 1458 2451 All,
1478 2419 1509 2450 B,
1532 2419 1580 2451 Bb,
1600 2419 1661 2450 Bos,
1684 2419 1739 2450 Gw,
1760 2418 1796 2451 H,

146 2463 176 2496 J,
195 2463 228 2497 L,
248 2465 305 2497 P6,
327 2464 383 2495 Τ1,
397 2465 414 2490 2
432 2465 480 2496 (m.
497 2464 613 2497 prima),
633 2463 677 2495 W;
702 2463 761 2497 regi
781 2464 808 2489 et
827 2466 871 2490 sP.
962 2463 1048 2497 patris
1066 2463 1106 2489 sui
1129 2471 1207 2489 corr:
1225 2466 1304 2497 pater
1322 2472 1385 2489 suus
1404 2464 1447 2495 L,·
1469 2462 1516 2496 pat
1534 2463 1577 2489 sP.
1669 2462 1734 2488 dare
1761 2462 1795 2495 ei]

101 2516 128 2534 40
147 2507 171 2534 ei
197 2507 300 2534 donare
319 2508 372 2539 sP,·
400 2508 425 2533 ei
451 2507 516 2534 dare
544 2508 618 2538 Ald,·
645 2507 670 2534 ei
695 2508 763 2533 deest
787 2508 840 2541 Ep,
867 2508 933 2540 Her,
953 2508 1009 2541 My,
1028 2508 1076 2541 Mt,
1098 2511 1155 2540 ΡΞ),
1179 2509 1204 2534 T
1212 2511 1235 2536 2.
1269 2512 1277 2542 ΙΙ
1309 2510 1326 2536 I.
1346 2509 1369 2535 7.
1395 2508 1531 2534 voluerint
1551 2509 1600 2540 Ay,
1623 2508 1654 2539 G,
1675 2507 1739 2538 Her,
1762 2506 1797 2539 K,

147 2553 193 2579 Pl
206 2553 273 2584 --5,
295 2552 347 2584 Til,
367 2553 401 2584 V,·
425 2552 568 2585 voluaerit,
588 2552 615 2586 (a
634 2552 754 2586 erasum)
774 2553 798 2578 L
805 2561 813 2582 ‚·
840 2552 958 2578 voluerit
975 2555 1029 2580 cett,

253 2606 269 2630 l.
287 2606 311 2632 8.
338 2605 376 2631 Et
393 2621 428 2625 -—
446 2605 572 2631 habuerit
591 2606 684 2631 desunt
703 2607 753 2638 Ay.
826 2606 848 2632 si
866 2606 934 2632 deest
951 2608 997 2633 sP.
1062 2606 1130 2632 alius
1150 2606 1240 2632 fratn's
1260 2608 1325 2639 P6,·
1347 2606 1414 2632 alios
1433 2605 1503 2631 filios
1520 2607 1573 2632 ΑΗ,
1647 2604 1693 2631 det
1712 2605 1759 2631 Mt.

257 2770 283 2812 1)
314 2775 452 2803 baiulare
477 2785 519 2797 =
538 2777 669 2811 portare,
694 2776 781 2809 ferre,
808 2775 903 2803 vellere
926 2776 963 2809 cf.
988 2775 1166 2803 Thesaurum
1190 2775 1303 2811 linquae
1326 2774 1434 2803 latinae
1457 2783 1479 2801 s.
1500 2774 1526 2802 k.
1551 2783 1574 2801 υ.
1686 2770 1715 2811 ...)
1746 2773 1794 2808 Cf.

145 2828 229 2857 eliam
253 2828 333 2863 infra
357 2837 418 2864 cap.
444 2827 509 2862 HI,
532 2828 565 2856 1:
591 2829 644 2865 qui
669 2849 676 2856 .
695 2849 701 2856 .
722 2851 727 2856 .
747 2849 753 2856 .
778 2828 879 2856 fidelis
903 2829 965 2865 regi
991 2830 1068 2856 erat.
