2267 3105
427 144 489 171 ‘266

485 238 648 268 XXXVI.

466 290 648 321 XXXVII.

446 343 650 374 XXXVIII.

426 395 649 426 XXXVIIII.

578 449 648 478 XL.

558 501 650 532 XLI.

537 555 649 585 XLII.

514 608 646 638 XLIII.

497 661 648 691 XLIIII.

544 714 647 744 XLV.

524 767 647 797 XLVI.

504 820 647 850 XLVII.

487 925 650 956 XLVIII.

614 979 651 1009 L.

594 1032 649 1062 LI.

571 1085 648 1115 LII.

552 1138 650 1168 LIII.

532 1191 649 1221 LIIII.

684 237 732 267 De
758 247 796 267 eo
822 235 963 266 muliere
987 235 1045 275 qui
1070 235 1141 266 sine
1168 234 1254 265 filios
1280 236 1314 265 eb
1338 234 1424 264 filias
1449 235 1585 264 mortua
1608 235 1668 264 esb-

684 290 729 320 U‘n
754 288 886 319 nullum
913 288 1057 319 liberum
1084 288 1187 318 liceab
1210 287 1374 318 inservire
1398 287 1470 318 sine
1496 286 1632 317 mortali
1657 286 1807 317 crimine.

686 343 736 373 De
762 344 863 382 pacta
888 341 939 372 vel
965 341 1102 381 placita.

685 396 735 426 De
760 395 919 426 incendia
944 395 1121 425 domorum
1148 395 1182 424 eb
1207 393 1355 424 minimis
1381 393 1532 433 edificiis.

684 448 735 479 De
758 449 889 479 vitiatis
913 447 1127 483 animalibus,
1153 446 1322 486 quomodo
1348 444 1490 486 conpon.

686 501 737 532 De
762 500 996 541 eampionibus
1022 500 1079 540 qui
1105 500 1147 530 ad
1173 510 1229 530 eos
1254 499 1465 540 pertingunt.

686 555 736 585 De
762 554 813 584 his
839 554 897 594 qui
922 553 1091 594 propriam
1118 553 1252 583 alodem
1277 552 1441 583 vendunt.

682 607 733 638 De
759 607 901 637 mortuis
927 609 961 637 et
985 616 1101 637 eorum
1127 605 1371 645 conpositione.

684 661 734 691 De
760 660 837 690 navi
863 660 1004 690 alterius
1030 659 1087 698 qui
1112 656 1214 689 tuler-

683 713 733 744 De
758 713 899 744 canibus
925 714 959 743 eb
984 722 1099 743 eorum
1126 711 1370 752 conposibione.

686 766 734 797 De
759 765 981 806 accipitribus
1007 766 1040 796 et
1065 764 1141 795 aliis
1166 764 1295 795 avibus.

684 819 735 850 De
759 819 919 859 pomariis
944 820 978 849 et
1003 828 1119 849 eorum
1146 817 1390 858 conpositione.

686 872 737 903 De
762 874 847 903 orto.

685 925 735 956 De
760 935 908 956 nemora.

686 979 737 1009 De
761 978 859 1009 favis.

686 1032 736 1062 De
762 1031 880 1062 milum
905 1031 958 1062 vel
984 1031 1103 1071 pirum.

684 1085 734 1116 De
760 1085 890 1125 apibus.

687 1138 737 1169 De
760 1138 916 1169 terminis
940 1137 1060 1177 ruptis.

686 1191 736 1222 De
761 1190 1028 1221 eonmarchanis.

1044 140 1123 167 LEX
1148 139 1462 168 BAIWARIORUM.

1917 187 1979 212 haec
1995 188 2074 212 editio

1920 233 1994 269 XV,

1915 286 1993 323 VII,

1899 339 1993 376 XVI,

1952 393 1993 422 X.

1898 445 1993 475 XIV.

1858 498 1983 528 XVIII

1904 550 1998 587 XVI,

1897 604 1994 634 XIX.

1918 710 1994 740 XX.

1897 763 1994 793 XXI.

1876 816 1993 852 XXII,

1932 869 1993 905 IX,

1877 922 1993 959 XXII,

1914 1134 1994 1165 XII.

1915 1187 1995 1223 ΧΠ,

2023 237 2071 264 10.

2021 289 2049 316 5.

2022 342 2070 370 16.

2023 554 2071 581 17.

2095 723 2120 742 10

2094 988 2119 1007 15

2021 819 2050 1110 ΕΒΡἿῬΨῌΗ
