<?xml version="1.0" encoding="UTF-8"?>
<!DOCTYPE html PUBLIC "-//W3C//DTD XHTML 1.0 Transitional//EN"
    "http://www.w3.org/TR/xhtml1/DTD/xhtml1-transitional.dtd">
<html xmlns="http://www.w3.org/1999/xhtml" xml:lang="en" lang="en">
 <head>
  <title>
</title>
<meta http-equiv="Content-Type" content="text/html;charset=utf-8" />
  <meta name='ocr-system' content='tesseract 3.04.00' />
  <meta name='ocr-capabilities' content='ocr_page ocr_carea ocr_par ocr_line ocrx_word'/>
</head>
<body>
  <div class='ocr_page' id='page_1' title='image "./p1monumentagerma05geseuoft_0093.png"; bbox 0 0 2267 3105; ppageno 0'>
   <div class='ocr_carea' id='block_1_1' title="bbox 106 1381 130 1400">
    <p class='ocr_par' dir='ltr' id='par_1_1' title="bbox 106 1381 130 1400">
     <span class='ocr_line' id='line_1_1' title="bbox 106 1381 130 1400; baseline 0.042 -1"><span class='ocrx_word' id='word_1_1' title='bbox 106 1381 130 1400; x_wconf 86' lang='lat'>10</span> 
     </span>
    </p>
   </div>
   <div class='ocr_carea' id='block_1_2' title="bbox 103 1651 127 1669">
    <p class='ocr_par' dir='ltr' id='par_1_2' title="bbox 103 1651 127 1669">
     <span class='ocr_line' id='line_1_2' title="bbox 103 1651 127 1669; baseline 0 0"><span class='ocrx_word' id='word_1_2' title='bbox 103 1651 127 1669; x_wconf 81' lang='lat'>15</span> 
     </span>
    </p>
   </div>
   <div class='ocr_carea' id='block_1_3' title="bbox 102 1917 128 1936">
    <p class='ocr_par' dir='ltr' id='par_1_3' title="bbox 102 1917 128 1936">
     <span class='ocr_line' id='line_1_3' title="bbox 102 1917 128 1936; baseline -0.038 0"><span class='ocrx_word' id='word_1_3' title='bbox 102 1917 128 1936; x_wconf 77' lang='lat'>80</span> 
     </span>
    </p>
   </div>
   <div class='ocr_carea' id='block_1_4' title="bbox 100 2243 126 2262">
    <p class='ocr_par' dir='ltr' id='par_1_4' title="bbox 100 2243 126 2262">
     <span class='ocr_line' id='line_1_4' title="bbox 100 2243 126 2262; baseline -0.038 0"><span class='ocrx_word' id='word_1_4' title='bbox 100 2243 126 2262; x_wconf 73' lang='lat'>25</span> 
     </span>
    </p>
   </div>
   <div class='ocr_carea' id='block_1_5' title="bbox 101 2508 126 2527">
    <p class='ocr_par' dir='ltr' id='par_1_5' title="bbox 101 2508 126 2527">
     <span class='ocr_line' id='line_1_5' title="bbox 101 2508 126 2527; baseline -0.04 0"><span class='ocrx_word' id='word_1_5' title='bbox 101 2508 126 2527; x_wconf 80' lang='lat'>³0</span> 
     </span>
    </p>
   </div>
   <div class='ocr_carea' id='block_1_6' title="bbox 678 827 1274 865">
    <p class='ocr_par' dir='ltr' id='par_1_6' title="bbox 678 827 1274 865">
     <span class='ocr_line' id='line_1_6' title="bbox 678 827 1274 865; baseline 0.005 -3"><span class='ocrx_word' id='word_1_6' title='bbox 678 827 729 863; x_wconf 91' lang='lat' dir='ltr'>II.</span> <span class='ocrx_word' id='word_1_7' title='bbox 770 827 949 863; x_wconf 84' lang='lat' dir='ltr'><em>INDEX</em></span> <span class='ocrx_word' id='word_1_8' title='bbox 972 827 1181 865; x_wconf 80' lang='lat' dir='ltr'><em>CODICIS</em></span> <span class='ocrx_word' id='word_1_9' title='bbox 1209 830 1274 865; x_wconf 78' lang='lat' dir='ltr'>Kl.</span> 
     </span>
    </p>
   </div>
   <div class='ocr_carea' id='block_1_7' title="bbox 261 905 1800 953">
    <p class='ocr_par' dir='ltr' id='par_1_7' title="bbox 261 905 1800 953">
     <span class='ocr_line' id='line_1_7' title="bbox 261 905 1800 953; baseline 0.005 -17"><span class='ocrx_word' id='word_1_10' title='bbox 261 905 334 936; x_wconf 89' lang='lat' dir='ltr'>Hoc</span> <span class='ocrx_word' id='word_1_11' title='bbox 371 907 545 937; x_wconf 85' lang='lat' dir='ltr'>decretum</span> <span class='ocrx_word' id='word_1_12' title='bbox 582 907 672 947; x_wconf 86' lang='lat' dir='ltr'>apud</span> <span class='ocrx_word' id='word_1_13' title='bbox 708 918 823 947; x_wconf 86' lang='lat' dir='ltr'>regem</span> <span class='ocrx_word' id='word_1_14' title='bbox 859 909 893 938; x_wconf 90' lang='lat' dir='ltr'>et</span> <span class='ocrx_word' id='word_1_15' title='bbox 929 908 1098 949; x_wconf 79' lang='lat' dir='ltr'>principes</span> <span class='ocrx_word' id='word_1_16' title='bbox 1135 910 1206 940; x_wconf 90' lang='lat' dir='ltr'>eius</span> <span class='ocrx_word' id='word_1_17' title='bbox 1242 913 1276 941; x_wconf 84' lang='lat' dir='ltr'>et</span> <span class='ocrx_word' id='word_1_18' title='bbox 1312 911 1402 951; x_wconf 89' lang='lat' dir='ltr'>apud</span> <span class='ocrx_word' id='word_1_19' title='bbox 1437 914 1597 942; x_wconf 82' lang='lat' dir='ltr'>cunctum</span> <span class='ocrx_word' id='word_1_20' title='bbox 1636 914 1800 953; x_wconf 85' lang='lat' dir='ltr'>populum</span> 
     </span>
    </p>
   </div>
   <div class='ocr_carea' id='block_1_8' title="bbox 153 957 1271 1001">
    <p class='ocr_par' dir='ltr' id='par_1_8' title="bbox 153 957 1271 1001">
     <span class='ocr_line' id='line_1_8' title="bbox 153 957 1271 1001; baseline 0.004 -13"><span class='ocrx_word' id='word_1_21' title='bbox 153 957 386 995; x_wconf 70' lang='lat' dir='ltr'>Christianum</span> <span class='ocrx_word' id='word_1_22' title='bbox 412 960 469 999; x_wconf 90' lang='lat' dir='ltr'>qui</span> <span class='ocrx_word' id='word_1_23' title='bbox 494 959 586 990; x_wconf 82' lang='lat' dir='ltr'>infra</span> <span class='ocrx_word' id='word_1_24' title='bbox 609 970 749 1000; x_wconf 86' lang='lat' dir='ltr'>regnum</span> <span class='ocrx_word' id='word_1_25' title='bbox 777 961 1043 1001; x_wconf 85' lang='lat' dir='ltr'>Mervungorum</span> <span class='ocrx_word' id='word_1_26' title='bbox 1069 962 1271 993; x_wconf 89' lang='lat' dir='ltr'>consistunt.</span> 
     </span>
    </p>
   </div>
   <div class='ocr_carea' id='block_1_9' title="bbox 718 1039 1230 1073">
    <p class='ocr_par' dir='ltr' id='par_1_9' title="bbox 718 1039 1230 1073">
     <span class='ocr_line' id='line_1_9' title="bbox 718 1039 1230 1073; baseline 0.002 -3"><span class='ocrx_word' id='word_1_27' title='bbox 718 1039 964 1071; x_wconf 81' lang='lat' dir='ltr'>INCIPIUNT</span> <span class='ocrx_word' id='word_1_28' title='bbox 989 1041 1230 1073; x_wconf 85' lang='lat' dir='ltr'>OAPITULA.</span> 
     </span>
    </p>
   </div>
   <div class='ocr_carea' id='block_1_10' title="bbox 1641 1061 1801 1087">
    <p class='ocr_par' dir='ltr' id='par_1_10' title="bbox 1641 1061 1801 1087">
     <span class='ocr_line' id='line_1_10' title="bbox 1641 1061 1801 1087; baseline 0.006 -2"><span class='ocrx_word' id='word_1_29' title='bbox 1641 1061 1704 1086; x_wconf 70' lang='lat' dir='ltr'>llaec</span> <span class='ocrx_word' id='word_1_30' title='bbox 1722 1062 1801 1087; x_wconf 70' lang='lat' dir='ltr'>editio</span> 
     </span>
    </p>
   </div>
   <div class='ocr_carea' id='block_1_11' title="bbox 255 1101 1774 1196">
    <p class='ocr_par' dir='ltr' id='par_1_11' title="bbox 255 1101 1774 1196">
     <span class='ocr_line' id='line_1_11' title="bbox 255 1101 1774 1144; baseline 0.005 -14"><span class='ocrx_word' id='word_1_31' title='bbox 255 1101 277 1133; x_wconf 87' lang='grc' dir='ltr'>Ι.</span> <span class='ocrx_word' id='word_1_32' title='bbox 300 1103 325 1131; x_wconf 91' lang='lat' dir='ltr'>l.</span> <span class='ocrx_word' id='word_1_33' title='bbox 365 1101 410 1132; x_wconf 86' lang='lat' dir='ltr'>Ut</span> <span class='ocrx_word' id='word_1_34' title='bbox 435 1102 462 1132; x_wconf 82' lang='lat' dir='ltr'>si</span> <span class='ocrx_word' id='word_1_35' title='bbox 486 1102 560 1141; x_wconf 86' lang='lat' dir='ltr'>quis</span> <span class='ocrx_word' id='word_1_36' title='bbox 586 1102 672 1133; x_wconf 87' lang='lat' dir='ltr'>liber</span> <span class='ocrx_word' id='word_1_37' title='bbox 694 1102 894 1133; x_wconf 86' lang='lat' dir='ltr'>Baiuvarius</span> <span class='ocrx_word' id='word_1_38' title='bbox 914 1103 967 1134; x_wconf 84' lang='lat' dir='ltr'>vel</span> <span class='ocrx_word' id='word_1_39' title='bbox 991 1104 1214 1144; x_wconf 78' lang='lat' dir='ltr'>quiscumque</span> <span class='ocrx_word' id='word_1_40' title='bbox 1239 1105 1373 1136; x_wconf 79' lang='lat' dir='ltr'>alodem</span> <span class='ocrx_word' id='word_1_41' title='bbox 1399 1116 1494 1136; x_wconf 76' lang='lat' dir='ltr'>suam</span> <span class='ocrx_word' id='word_1_42' title='bbox 1519 1107 1562 1137; x_wconf 82' lang='lat' dir='ltr'>ad</span> <span class='ocrx_word' id='word_1_43' title='bbox 1701 1108 1726 1142; x_wconf 70' lang='lat' dir='ltr'>I,</span> <span class='ocrx_word' id='word_1_44' title='bbox 1749 1112 1774 1139; x_wconf 94' lang='grc'><strong>1.</strong></span> 
     </span>
     <span class='ocr_line' id='line_1_12' title="bbox 407 1154 1561 1196; baseline 0.004 -11"><span class='ocrx_word' id='word_1_45' title='bbox 407 1154 584 1186; x_wconf 85' lang='lat' dir='ltr'>ecclesiam</span> <span class='ocrx_word' id='word_1_46' title='bbox 616 1155 669 1186; x_wconf 89' lang='lat' dir='ltr'>vel</span> <span class='ocrx_word' id='word_1_47' title='bbox 698 1165 948 1196; x_wconf 78' lang='lat' dir='ltr'>quamcumque</span> <span class='ocrx_word' id='word_1_48' title='bbox 976 1167 1045 1188; x_wconf 90' lang='lat' dir='ltr'>rem</span> <span class='ocrx_word' id='word_1_49' title='bbox 1078 1158 1204 1189; x_wconf 80' lang='lat' dir='ltr'>donare</span> <span class='ocrx_word' id='word_1_50' title='bbox 1229 1159 1386 1192; x_wconf 88' lang='lat' dir='ltr'>voluerit.</span> <span class='ocrx_word' id='word_1_51' title='bbox 1422 1159 1561 1190; x_wconf 83' lang='lat' dir='ltr'>liberam</span> 
     </span>
    </p>
   </div>
   <div class='ocr_carea' id='block_1_12' title="bbox 407 1208 773 1249">
    <p class='ocr_par' dir='ltr' id='par_1_12' title="bbox 407 1208 773 1249">
     <span class='ocr_line' id='line_1_13' title="bbox 407 1208 773 1249; baseline 0.003 -11"><span class='ocrx_word' id='word_1_52' title='bbox 407 1208 533 1239; x_wconf 90' lang='lat' dir='ltr'>habeat</span> <span class='ocrx_word' id='word_1_53' title='bbox 558 1210 773 1249; x_wconf 88' lang='lat' dir='ltr'>potestatem.</span> 
     </span>
    </p>
   </div>
   <div class='ocr_carea' id='block_1_13' title="bbox 262 1261 1774 2659">
    <p class='ocr_par' dir='ltr' id='par_1_13' title="bbox 262 1261 1774 2659">
     <span class='ocr_line' id='line_1_14' title="bbox 296 1261 1773 1302; baseline 0.005 -11"><span class='ocrx_word' id='word_1_54' title='bbox 296 1264 324 1291; x_wconf 79' lang='lat'>2.</span> <span class='ocrx_word' id='word_1_55' title='bbox 363 1261 413 1292; x_wconf 88' lang='lat' dir='ltr'>De</span> <span class='ocrx_word' id='word_1_56' title='bbox 438 1262 490 1291; x_wconf 87' lang='lat' dir='ltr'>his</span> <span class='ocrx_word' id='word_1_57' title='bbox 516 1262 573 1301; x_wconf 90' lang='lat' dir='ltr'>qui</span> <span class='ocrx_word' id='word_1_58' title='bbox 598 1264 718 1292; x_wconf 84' lang='lat' dir='ltr'>contra</span> <span class='ocrx_word' id='word_1_59' title='bbox 741 1262 850 1302; x_wconf 76' lang='lat' dir='ltr'>legem</span> <span class='ocrx_word' id='word_1_60' title='bbox 877 1263 1054 1294; x_wconf 86' lang='lat' dir='ltr'>ecclesiam</span> <span class='ocrx_word' id='word_1_61' title='bbox 1080 1264 1240 1295; x_wconf 82' lang='lat' dir='ltr'>fraudare</span> <span class='ocrx_word' id='word_1_62' title='bbox 1267 1265 1446 1296; x_wconf 83' lang='lat' dir='ltr'>voluerint.</span> <span class='ocrx_word' id='word_1_63' title='bbox 1745 1271 1773 1299; x_wconf 83' lang='lat'>2.</span> 
     </span>
     <span class='ocr_line' id='line_1_15' title="bbox 296 1314 1774 1357; baseline 0.005 -12"><span class='ocrx_word' id='word_1_64' title='bbox 296 1317 323 1345; x_wconf 82' lang='lat'>3.</span> <span class='ocrx_word' id='word_1_65' title='bbox 364 1314 413 1345; x_wconf 90' lang='lat' dir='ltr'>De</span> <span class='ocrx_word' id='word_1_66' title='bbox 437 1315 540 1345; x_wconf 83' lang='lat' dir='ltr'>furtis</span> <span class='ocrx_word' id='word_1_67' title='bbox 564 1315 727 1346; x_wconf 88' lang='lat' dir='ltr'>ecclesiae</span> <span class='ocrx_word' id='word_1_68' title='bbox 752 1316 922 1355; x_wconf 86' lang='lat' dir='ltr'>quomodo</span> <span class='ocrx_word' id='word_1_69' title='bbox 947 1319 1193 1357; x_wconf 82' lang='lat' dir='ltr'>conponantur.</span> <span class='ocrx_word' id='word_1_70' title='bbox 1746 1325 1774 1352; x_wconf 83' lang='lat'>3.</span> 
     </span>
     <span class='ocr_line' id='line_1_16' title="bbox 296 1367 1773 1410; baseline 0.005 -13"><span class='ocrx_word' id='word_1_71' title='bbox 296 1370 324 1397; x_wconf 77' lang='lat'>4.</span> <span class='ocrx_word' id='word_1_72' title='bbox 362 1367 413 1398; x_wconf 91' lang='lat' dir='ltr'>De</span> <span class='ocrx_word' id='word_1_73' title='bbox 439 1368 490 1398; x_wconf 86' lang='lat' dir='ltr'>his</span> <span class='ocrx_word' id='word_1_74' title='bbox 515 1369 572 1408; x_wconf 90' lang='lat' dir='ltr'>qui</span> <span class='ocrx_word' id='word_1_75' title='bbox 597 1378 730 1399; x_wconf 87' lang='lat' dir='ltr'>servum</span> <span class='ocrx_word' id='word_1_76' title='bbox 756 1368 918 1399; x_wconf 85' lang='lat' dir='ltr'>ecclesiae</span> <span class='ocrx_word' id='word_1_77' title='bbox 943 1370 985 1399; x_wconf 87' lang='lat' dir='ltr'>ad</span> <span class='ocrx_word' id='word_1_78' title='bbox 1012 1370 1215 1410; x_wconf 80' lang='lat' dir='ltr'>fugiendum</span> <span class='ocrx_word' id='word_1_79' title='bbox 1240 1372 1419 1402; x_wconf 83' lang='lat' dir='ltr'>suaserint.</span> <span class='ocrx_word' id='word_1_80' title='bbox 1745 1377 1773 1404; x_wconf 75' lang='lat'>4.</span> 
     </span>
     <span class='ocr_line' id='line_1_17' title="bbox 295 1420 1774 1461; baseline 0.003 -10"><span class='ocrx_word' id='word_1_81' title='bbox 295 1423 324 1451; x_wconf 79' lang='lat'>5.</span> <span class='ocrx_word' id='word_1_82' title='bbox 362 1420 412 1452; x_wconf 88' lang='lat' dir='ltr'>De</span> <span class='ocrx_word' id='word_1_83' title='bbox 434 1421 486 1451; x_wconf 85' lang='lat' dir='ltr'>his</span> <span class='ocrx_word' id='word_1_84' title='bbox 506 1421 564 1461; x_wconf 87' lang='lat' dir='ltr'>qui</span> <span class='ocrx_word' id='word_1_85' title='bbox 583 1431 717 1452; x_wconf 88' lang='lat' dir='ltr'>servum</span> <span class='ocrx_word' id='word_1_86' title='bbox 738 1422 901 1453; x_wconf 86' lang='lat' dir='ltr'>ecclesiae</span> <span class='ocrx_word' id='word_1_87' title='bbox 923 1423 995 1453; x_wconf 87' lang='lat' dir='ltr'>sine</span> <span class='ocrx_word' id='word_1_88' title='bbox 1018 1424 1154 1453; x_wconf 85' lang='lat' dir='ltr'>mortali</span> <span class='ocrx_word' id='word_1_89' title='bbox 1172 1424 1312 1455; x_wconf 85' lang='lat' dir='ltr'>crimine</span> <span class='ocrx_word' id='word_1_90' title='bbox 1330 1425 1571 1456; x_wconf 87' lang='lat' dir='ltr'>interimerint.</span> <span class='ocrx_word' id='word_1_91' title='bbox 1746 1431 1774 1458; x_wconf 85' lang='lat'>5.</span> 
     </span>
     <span class='ocr_line' id='line_1_18' title="bbox 295 1474 1774 1515; baseline 0.005 -11"><span class='ocrx_word' id='word_1_92' title='bbox 295 1477 325 1504; x_wconf 82' lang='grc'>6.</span> <span class='ocrx_word' id='word_1_93' title='bbox 362 1474 413 1505; x_wconf 90' lang='lat' dir='ltr'>De</span> <span class='ocrx_word' id='word_1_94' title='bbox 438 1475 491 1505; x_wconf 89' lang='lat' dir='ltr'>his</span> <span class='ocrx_word' id='word_1_95' title='bbox 515 1475 573 1514; x_wconf 89' lang='lat' dir='ltr'>qui</span> <span class='ocrx_word' id='word_1_96' title='bbox 598 1485 650 1505; x_wconf 87' lang='lat' dir='ltr'>res</span> <span class='ocrx_word' id='word_1_97' title='bbox 675 1475 837 1506; x_wconf 84' lang='lat' dir='ltr'>ecclesiae</span> <span class='ocrx_word' id='word_1_98' title='bbox 862 1476 940 1515; x_wconf 81' lang='lat' dir='ltr'>igne</span> <span class='ocrx_word' id='word_1_99' title='bbox 965 1477 1199 1507; x_wconf 74' lang='lat' dir='ltr'>cremaverint.</span> <span class='ocrx_word' id='word_1_100' title='bbox 1747 1484 1774 1511; x_wconf 84' lang='grc'>6.</span> 
     </span>
     <span class='ocr_line' id='line_1_19' title="bbox 295 1527 1771 1569; baseline 0.005 -12"><span class='ocrx_word' id='word_1_101' title='bbox 295 1530 323 1558; x_wconf 90' lang='grc'>7.</span> <span class='ocrx_word' id='word_1_102' title='bbox 360 1527 411 1558; x_wconf 95' lang='lat' dir='ltr'>De</span> <span class='ocrx_word' id='word_1_103' title='bbox 437 1528 488 1558; x_wconf 87' lang='lat' dir='ltr'>his</span> <span class='ocrx_word' id='word_1_104' title='bbox 513 1528 571 1568; x_wconf 90' lang='lat' dir='ltr'>qui</span> <span class='ocrx_word' id='word_1_105' title='bbox 595 1528 644 1559; x_wconf 90' lang='lat' dir='ltr'>rei</span> <span class='ocrx_word' id='word_1_106' title='bbox 669 1531 750 1559; x_wconf 88' lang='lat' dir='ltr'>sunt</span> <span class='ocrx_word' id='word_1_107' title='bbox 774 1530 809 1559; x_wconf 89' lang='lat' dir='ltr'>et</span> <span class='ocrx_word' id='word_1_108' title='bbox 833 1529 1032 1569; x_wconf 83' lang='lat' dir='ltr'>confugium</span> <span class='ocrx_word' id='word_1_109' title='bbox 1058 1530 1204 1560; x_wconf 78' lang='lat' dir='ltr'>fecerint</span> <span class='ocrx_word' id='word_1_110' title='bbox 1229 1531 1272 1560; x_wconf 89' lang='lat' dir='ltr'>ad</span> <span class='ocrx_word' id='word_1_111' title='bbox 1299 1531 1487 1562; x_wconf 86' lang='lat' dir='ltr'>ecclesiam.</span> <span class='ocrx_word' id='word_1_112' title='bbox 1715 1550 1720 1554; x_wconf 92' lang='lat'>·</span> <span class='ocrx_word' id='word_1_113' title='bbox 1744 1537 1771 1565; x_wconf 88' lang='lat'>7.</span> 
     </span>
     <span class='ocr_line' id='line_1_20' title="bbox 293 1581 1773 1625; baseline 0.004 -14"><span class='ocrx_word' id='word_1_114' title='bbox 293 1584 322 1611; x_wconf 88' lang='grc'>8.</span> <span class='ocrx_word' id='word_1_115' title='bbox 360 1581 412 1611; x_wconf 86' lang='lat' dir='ltr'>De</span> <span class='ocrx_word' id='word_1_116' title='bbox 437 1582 672 1622; x_wconf 87' lang='lat' dir='ltr'>conpositione</span> <span class='ocrx_word' id='word_1_117' title='bbox 692 1582 924 1612; x_wconf 85' lang='lat' dir='ltr'>ministrorum</span> <span class='ocrx_word' id='word_1_118' title='bbox 946 1583 1118 1618; x_wconf 72' lang='lat' dir='ltr'>ecclesiae„</span> <span class='ocrx_word' id='word_1_119' title='bbox 1141 1584 1310 1623; x_wconf 86' lang='lat' dir='ltr'>quomodo</span> <span class='ocrx_word' id='word_1_120' title='bbox 1331 1589 1578 1625; x_wconf 78' lang='lat' dir='ltr'>conponantur.</span> <span class='ocrx_word' id='word_1_121' title='bbox 1744 1591 1773 1617; x_wconf 74' lang='lat'>8,</span> 
     </span>
     <span class='ocr_line' id='line_1_21' title="bbox 294 1634 1773 1678; baseline 0.004 -14"><span class='ocrx_word' id='word_1_122' title='bbox 294 1638 323 1664; x_wconf 80' lang='lat'>9.</span> <span class='ocrx_word' id='word_1_123' title='bbox 362 1634 411 1665; x_wconf 92' lang='lat' dir='ltr'>De</span> <span class='ocrx_word' id='word_1_124' title='bbox 435 1635 632 1675; x_wconf 81' lang='lat' dir='ltr'>presbiteris</span> <span class='ocrx_word' id='word_1_125' title='bbox 657 1635 710 1666; x_wconf 90' lang='lat' dir='ltr'>vel</span> <span class='ocrx_word' id='word_1_126' title='bbox 735 1636 945 1671; x_wconf 77' lang='lat' dir='ltr'>diaconibus,</span> <span class='ocrx_word' id='word_1_127' title='bbox 971 1637 1141 1676; x_wconf 82' lang='lat' dir='ltr'>quomodo</span> <span class='ocrx_word' id='word_1_128' title='bbox 1166 1640 1415 1678; x_wconf 85' lang='lat' dir='ltr'>conponantur.</span> <span class='ocrx_word' id='word_1_129' title='bbox 1745 1644 1773 1671; x_wconf 86' lang='lat'>9.</span> 
     </span>
     <span class='ocr_line' id='line_1_22' title="bbox 273 1688 1773 1729; baseline 0.004 -11"><span class='ocrx_word' id='word_1_130' title='bbox 273 1691 321 1718; x_wconf 70' lang='grc'><strong>10.</strong></span> <span class='ocrx_word' id='word_1_131' title='bbox 360 1688 410 1718; x_wconf 87' lang='lat' dir='ltr'>De</span> <span class='ocrx_word' id='word_1_132' title='bbox 436 1688 516 1718; x_wconf 88' lang='lat' dir='ltr'>solis</span> <span class='ocrx_word' id='word_1_133' title='bbox 541 1689 707 1729; x_wconf 84' lang='lat' dir='ltr'>episcopis</span> <span class='ocrx_word' id='word_1_134' title='bbox 732 1692 766 1719; x_wconf 84' lang='lat' dir='ltr'>et</span> <span class='ocrx_word' id='word_1_135' title='bbox 790 1688 928 1719; x_wconf 85' lang='lat' dir='ltr'>illorum</span> <span class='ocrx_word' id='word_1_136' title='bbox 953 1689 1206 1721; x_wconf 79' lang='lat' dir='ltr'>interfectione.</span> <span class='ocrx_word' id='word_1_137' title='bbox 1724 1697 1773 1725; x_wconf 91' lang='grc'>10.</span> 
     </span>
     <span class='ocr_line' id='line_1_23' title="bbox 272 1741 1770 1778; baseline 0.003 -6"><span class='ocrx_word' id='word_1_138' title='bbox 272 1744 322 1772; x_wconf 90' lang='grc'>11.</span> <span class='ocrx_word' id='word_1_139' title='bbox 361 1741 410 1772; x_wconf 88' lang='lat' dir='ltr'>De</span> <span class='ocrx_word' id='word_1_140' title='bbox 435 1742 754 1772; x_wconf 84' lang='lat' dir='ltr'>sanctimonialibus</span> <span class='ocrx_word' id='word_1_141' title='bbox 780 1742 831 1772; x_wconf 88' lang='lat' dir='ltr'>vel</span> <span class='ocrx_word' id='word_1_142' title='bbox 858 1742 931 1773; x_wconf 88' lang='lat' dir='ltr'>Deo</span> <span class='ocrx_word' id='word_1_143' title='bbox 958 1743 1089 1773; x_wconf 85' lang='lat' dir='ltr'>dicatis.</span> <span class='ocrx_word' id='word_1_144' title='bbox 1723 1751 1770 1778; x_wconf 89' lang='grc'>11.</span> 
     </span>
     <span class='ocr_line' id='line_1_24' title="bbox 262 1795 1771 1835; baseline 0.003 -10"><span class='ocrx_word' id='word_1_145' title='bbox 262 1797 322 1825; x_wconf 79' lang='grc'><strong>12.</strong></span> <span class='ocrx_word' id='word_1_146' title='bbox 361 1795 412 1825; x_wconf 90' lang='lat' dir='ltr'>De</span> <span class='ocrx_word' id='word_1_147' title='bbox 436 1795 633 1835; x_wconf 87' lang='lat' dir='ltr'>presbiteris</span> <span class='ocrx_word' id='word_1_148' title='bbox 653 1797 688 1826; x_wconf 89' lang='lat' dir='ltr'>et</span> <span class='ocrx_word' id='word_1_149' title='bbox 708 1795 917 1829; x_wconf 76' lang='lat' dir='ltr'>diaconibus,</span> <span class='ocrx_word' id='word_1_150' title='bbox 943 1798 981 1825; x_wconf 84' lang='lat' dir='ltr'>ut</span> <span class='ocrx_word' id='word_1_151' title='bbox 1007 1796 1144 1827; x_wconf 85' lang='lat' dir='ltr'>minime</span> <span class='ocrx_word' id='word_1_152' title='bbox 1174 1797 1331 1829; x_wconf 80' lang='lat' dir='ltr'>habitent</span> <span class='ocrx_word' id='word_1_153' title='bbox 1356 1808 1431 1828; x_wconf 87' lang='lat' dir='ltr'>cum</span> <span class='ocrx_word' id='word_1_154' title='bbox 1459 1799 1571 1829; x_wconf 85' lang='lat' dir='ltr'>mulie·</span> <span class='ocrx_word' id='word_1_155' title='bbox 1724 1803 1771 1831; x_wconf 79' lang='lat'>12.</span> 
     </span>
     <span class='ocr_line' id='line_1_25' title="bbox 405 1848 507 1878; baseline 0 0"><span class='ocrx_word' id='word_1_156' title='bbox 405 1848 507 1878; x_wconf 88' lang='lat' dir='ltr'>ribus.</span> 
     </span>
     <span class='ocr_line' id='line_1_26' title="bbox 274 1901 1771 1942; baseline 0.003 -11"><span class='ocrx_word' id='word_1_157' title='bbox 274 1904 323 1932; x_wconf 87' lang='lat'>13.</span> <span class='ocrx_word' id='word_1_158' title='bbox 362 1901 412 1932; x_wconf 89' lang='lat' dir='ltr'>De</span> <span class='ocrx_word' id='word_1_159' title='bbox 437 1901 565 1932; x_wconf 86' lang='lat' dir='ltr'>colonis</span> <span class='ocrx_word' id='word_1_160' title='bbox 591 1902 642 1932; x_wconf 91' lang='lat' dir='ltr'>vel</span> <span class='ocrx_word' id='word_1_161' title='bbox 667 1902 771 1932; x_wconf 84' lang='lat' dir='ltr'>servis</span> <span class='ocrx_word' id='word_1_162' title='bbox 797 1902 959 1933; x_wconf 84' lang='lat' dir='ltr'>ecclesiae</span> <span class='ocrx_word' id='word_1_163' title='bbox 984 1902 1132 1942; x_wconf 83' lang='lat' dir='ltr'>qualiter</span> <span class='ocrx_word' id='word_1_164' title='bbox 1157 1904 1316 1934; x_wconf 79' lang='lat' dir='ltr'>serviant.</span> <span class='ocrx_word' id='word_1_165' title='bbox 1722 1910 1771 1938; x_wconf 86' lang='lat'>13.</span> 
     </span>
     <span class='ocr_line' id='line_1_27' title="bbox 640 2008 1303 2041; baseline 0.005 -3"><span class='ocrx_word' id='word_1_166' title='bbox 640 2008 691 2038; x_wconf 89' lang='lat' dir='ltr'>II.</span> <span class='ocrx_word' id='word_1_167' title='bbox 730 2008 787 2039; x_wconf 91' lang='lat' dir='ltr'>De</span> <span class='ocrx_word' id='word_1_168' title='bbox 819 2009 994 2039; x_wconf 84' lang='lat' dir='ltr'>vitiatis</span> <span class='ocrx_word' id='word_1_169' title='bbox 1026 2010 1303 2041; x_wconf 79' lang='lat' dir='ltr'>animalibus.</span> 
     </span>
     <span class='ocr_line' id='line_1_28' title="bbox 299 2070 1770 2111; baseline 0.002 -10"><span class='ocrx_word' id='word_1_170' title='bbox 299 2074 322 2101; x_wconf 95' lang='lat' dir='ltr'>l.</span> <span class='ocrx_word' id='word_1_171' title='bbox 359 2070 393 2101; x_wconf 81' lang='lat' dir='ltr'>Si</span> <span class='ocrx_word' id='word_1_172' title='bbox 419 2070 547 2101; x_wconf 86' lang='lat' dir='ltr'>laesum</span> <span class='ocrx_word' id='word_1_173' title='bbox 573 2070 721 2111; x_wconf 83' lang='lat' dir='ltr'>recipere</span> <span class='ocrx_word' id='word_1_174' title='bbox 746 2071 905 2101; x_wconf 84' lang='lat' dir='ltr'>noluerit.</span> <span class='ocrx_word' id='word_1_175' title='bbox 1572 2075 1685 2105; x_wconf 85' lang='lat' dir='ltr'>XIIII</span> <span class='ocrx_word' id='word_1_176' title='bbox 1698 2077 1717 2108; x_wconf 69' lang='lat'>².</span> <span class='ocrx_word' id='word_1_177' title='bbox 1743 2079 1770 2106; x_wconf 91' lang='lat'>7.</span> 
     </span>
     <span class='ocr_line' id='line_1_29' title="bbox 292 2123 1770 2158; baseline 0.002 -4"><span class='ocrx_word' id='word_1_178' title='bbox 292 2126 320 2154; x_wconf 77' lang='lat'>2.</span> <span class='ocrx_word' id='word_1_179' title='bbox 357 2123 392 2153; x_wconf 78' lang='lat' dir='ltr'>Si</span> <span class='ocrx_word' id='word_1_180' title='bbox 417 2124 553 2153; x_wconf 79' lang='lat' dir='ltr'>oculum</span> <span class='ocrx_word' id='word_1_181' title='bbox 580 2123 721 2154; x_wconf 83' lang='lat' dir='ltr'>alterius</span> <span class='ocrx_word' id='word_1_182' title='bbox 745 2124 903 2154; x_wconf 80' lang='lat' dir='ltr'>anima-lis</span> <span class='ocrx_word' id='word_1_183' title='bbox 928 2125 1124 2155; x_wconf 77' lang='lat' dir='ltr'>excusserit.</span> <span class='ocrx_word' id='word_1_184' title='bbox 1742 2132 1770 2158; x_wconf 68' lang='lat' dir='ltr'>S.</span> 
     </span>
     <span class='ocr_line' id='line_1_30' title="bbox 292 2177 1770 2213; baseline 0.004 -7"><span class='ocrx_word' id='word_1_185' title='bbox 292 2180 320 2207; x_wconf 87' lang='lat'>3.</span> <span class='ocrx_word' id='word_1_186' title='bbox 359 2177 394 2207; x_wconf 78' lang='lat' dir='ltr'>Si</span> <span class='ocrx_word' id='word_1_187' title='bbox 419 2177 495 2207; x_wconf 91' lang='lat' dir='ltr'>bovi</span> <span class='ocrx_word' id='word_1_188' title='bbox 522 2187 672 2207; x_wconf 83' lang='lat' dir='ltr'>cornum.</span> <span class='ocrx_word' id='word_1_189' title='bbox 1742 2186 1770 2213; x_wconf 78' lang='lat'>9.</span> 
     </span>
     <span class='ocr_line' id='line_1_31' title="bbox 294 2230 1769 2266; baseline 0.005 -7"><span class='ocrx_word' id='word_1_190' title='bbox 294 2233 320 2260; x_wconf 70' lang='lat'>4.</span> <span class='ocrx_word' id='word_1_191' title='bbox 362 2230 397 2260; x_wconf 85' lang='lat' dir='ltr'>Si</span> <span class='ocrx_word' id='word_1_192' title='bbox 423 2240 555 2261; x_wconf 84' lang='lat' dir='ltr'>vaccae.</span> <span class='ocrx_word' id='word_1_193' title='bbox 1721 2239 1769 2266; x_wconf 84' lang='lat'>10.</span> 
     </span>
     <span class='ocr_line' id='line_1_32' title="bbox 292 2283 1769 2323; baseline 0.004 -10"><span class='ocrx_word' id='word_1_194' title='bbox 292 2286 320 2313; x_wconf 80' lang='lat'>5.</span> <span class='ocrx_word' id='word_1_195' title='bbox 359 2283 393 2314; x_wconf 82' lang='lat' dir='ltr'>Si</span> <span class='ocrx_word' id='word_1_196' title='bbox 419 2284 561 2314; x_wconf 83' lang='lat' dir='ltr'>caudam</span> <span class='ocrx_word' id='word_1_197' title='bbox 588 2284 827 2323; x_wconf 85' lang='lat' dir='ltr'>amputaverit.</span> <span class='ocrx_word' id='word_1_198' title='bbox 1722 2292 1769 2319; x_wconf 89' lang='lat' dir='ltr'>ll.</span> 
     </span>
     <span class='ocr_line' id='line_1_33' title="bbox 293 2336 1770 2372; baseline 0.003 -5"><span class='ocrx_word' id='word_1_199' title='bbox 293 2340 321 2367; x_wconf 88' lang='grc'>6.</span> <span class='ocrx_word' id='word_1_200' title='bbox 359 2336 410 2367; x_wconf 88' lang='lat' dir='ltr'>De</span> <span class='ocrx_word' id='word_1_201' title='bbox 437 2337 673 2367; x_wconf 82' lang='lat' dir='ltr'>mediocribus.</span> <span class='ocrx_word' id='word_1_202' title='bbox 1722 2345 1770 2372; x_wconf 79' lang='grc'><strong>12.</strong></span> 
     </span>
     <span class='ocr_line' id='line_1_34' title="bbox 293 2390 1769 2425; baseline 0.003 -5"><span class='ocrx_word' id='word_1_203' title='bbox 293 2393 320 2420; x_wconf 93' lang='grc'>7.</span> <span class='ocrx_word' id='word_1_204' title='bbox 359 2390 410 2420; x_wconf 91' lang='lat' dir='ltr'>De</span> <span class='ocrx_word' id='word_1_205' title='bbox 435 2390 672 2420; x_wconf 80' lang='lat' dir='ltr'>deterioribus.</span> <span class='ocrx_word' id='word_1_206' title='bbox 1720 2398 1769 2425; x_wconf 82' lang='lat'>13.</span> 
     </span>
     <span class='ocr_line' id='line_1_35' title="bbox 292 2443 1768 2478; baseline 0.003 -5"><span class='ocrx_word' id='word_1_207' title='bbox 292 2446 321 2473; x_wconf 84' lang='lat'>8.</span> <span class='ocrx_word' id='word_1_208' title='bbox 359 2443 410 2474; x_wconf 84' lang='lat' dir='ltr'>De</span> <span class='ocrx_word' id='word_1_209' title='bbox 435 2453 556 2474; x_wconf 80' lang='lat' dir='ltr'>vaccae</span> <span class='ocrx_word' id='word_1_210' title='bbox 582 2443 776 2474; x_wconf 84' lang='lat' dir='ltr'>huiusmodi</span> <span class='ocrx_word' id='word_1_211' title='bbox 802 2443 960 2474; x_wconf 86' lang='lat' dir='ltr'>laesione.</span> <span class='ocrx_word' id='word_1_212' title='bbox 1721 2451 1768 2478; x_wconf 84' lang='lat'>14.</span> 
     </span>
     <span class='ocr_line' id='line_1_36' title="bbox 294 2496 1768 2532; baseline 0.004 -7"><span class='ocrx_word' id='word_1_213' title='bbox 294 2499 322 2525; x_wconf 80' lang='lat'>9.</span> <span class='ocrx_word' id='word_1_214' title='bbox 361 2496 410 2527; x_wconf 82' lang='lat' dir='ltr'>De</span> <span class='ocrx_word' id='word_1_215' title='bbox 435 2497 654 2532; x_wconf 79' lang='lat' dir='ltr'>iniusteusis</span> <span class='ocrx_word' id='word_1_216' title='bbox 679 2496 895 2527; x_wconf 84' lang='lat' dir='ltr'>animalibus.</span> <span class='ocrx_word' id='word_1_217' title='bbox 1721 2504 1768 2531; x_wconf 79' lang='lat'>15.</span> 
     </span>
     <span class='ocr_line' id='line_1_37' title="bbox 272 2549 1766 2591; baseline 0.003 -11"><span class='ocrx_word' id='word_1_218' title='bbox 272 2552 321 2580; x_wconf 92' lang='lat'>10.</span> <span class='ocrx_word' id='word_1_219' title='bbox 360 2549 446 2579; x_wconf 85' lang='lat' dir='ltr'>Item</span> <span class='ocrx_word' id='word_1_220' title='bbox 474 2552 511 2579; x_wconf 85' lang='lat' dir='ltr'>ut</span> <span class='ocrx_word' id='word_1_221' title='bbox 535 2560 645 2590; x_wconf 68' lang='lat' dir='ltr'>supra,</span> <span class='ocrx_word' id='word_1_222' title='bbox 672 2550 699 2579; x_wconf 88' lang='lat' dir='ltr'>si</span> <span class='ocrx_word' id='word_1_223' title='bbox 724 2550 972 2581; x_wconf 86' lang='lat' dir='ltr'>contumaciter</span> <span class='ocrx_word' id='word_1_224' title='bbox 998 2553 1224 2591; x_wconf 80' lang='lat' dir='ltr'>perpetratur.</span> <span class='ocrx_word' id='word_1_225' title='bbox 1718 2558 1766 2585; x_wconf 85' lang='lat'>16.</span> 
     </span>
     <span class='ocr_line' id='line_1_38' title="bbox 274 2598 1755 2659; baseline 0.002 -27"><span class='ocrx_word' id='word_1_226' title='bbox 274 2605 321 2633; x_wconf 89' lang='grc'>11.</span> <span class='ocrx_word' id='word_1_227' title='bbox 359 2602 406 2632; x_wconf 87' lang='lat' dir='ltr'>Ut</span> <span class='ocrx_word' id='word_1_228' title='bbox 430 2603 568 2633; x_wconf 84' lang='lat' dir='ltr'>minime</span> <span class='ocrx_word' id='word_1_229' title='bbox 595 2605 788 2643; x_wconf 85' lang='lat' dir='ltr'>praesumat</span> <span class='ocrx_word' id='word_1_230' title='bbox 812 2603 972 2634; x_wconf 90' lang='lat' dir='ltr'>alienum.</span> <span class='ocrx_word' id='word_1_231' title='bbox 1688 2598 1694 2644; x_wconf 83' lang='grc' dir='ltr'>Ι</span> <span class='ocrx_word' id='word_1_232' title='bbox 1720 2632 1755 2659; x_wconf 68' lang='lat'>17</span> 
     </span>
    </p>
   </div>
   <div class='ocr_carea' id='block_1_14' title="bbox 273 2655 684 2686">
    <p class='ocr_par' dir='ltr' id='par_1_14' title="bbox 273 2655 684 2686">
     <span class='ocr_line' id='line_1_39' title="bbox 273 2655 684 2686; baseline 0 0"><span class='ocrx_word' id='word_1_233' title='bbox 273 2658 321 2686; x_wconf 82' lang='lat'>12.</span> <span class='ocrx_word' id='word_1_234' title='bbox 358 2655 495 2685; x_wconf 84' lang='lat' dir='ltr'>Animal</span> <span class='ocrx_word' id='word_1_235' title='bbox 519 2656 684 2686; x_wconf 84' lang='lat' dir='ltr'>occidere.</span> 
     </span>
    </p>
   </div>
   <div class='ocr_carea' id='block_1_15' title="bbox 254 2770 1479 2809">
    <p class='ocr_par' dir='ltr' id='par_1_15' title="bbox 254 2770 1479 2809">
     <span class='ocr_line' id='line_1_40' title="bbox 254 2770 1479 2809; baseline 0.002 -8"><span class='ocrx_word' id='word_1_236' title='bbox 254 2770 282 2807; x_wconf 85' lang='lat'>1)</span> <span class='ocrx_word' id='word_1_237' title='bbox 308 2773 365 2801; x_wconf 68' lang='lat' dir='ltr'>Hic</span> <span class='ocrx_word' id='word_1_238' title='bbox 390 2772 475 2800; x_wconf 59' lang='lat' dir='ltr'>indere</span> <span class='ocrx_word' id='word_1_239' title='bbox 498 2782 552 2801; x_wconf 79' lang='lat' dir='ltr'>mm</span> <span class='ocrx_word' id='word_1_240' title='bbox 576 2773 725 2801; x_wconf 69' lang='lat' dir='ltr'>coneordat</span> <span class='ocrx_word' id='word_1_241' title='bbox 748 2782 810 2801; x_wconf 75' lang='lat' dir='ltr'>cum</span> <span class='ocrx_word' id='word_1_242' title='bbox 833 2774 932 2802; x_wconf 79' lang='lat' dir='ltr'>ordine</span> <span class='ocrx_word' id='word_1_243' title='bbox 955 2775 1079 2809; x_wconf 51' lang='lat' dir='ltr'>capilum¹</span> <span class='ocrx_word' id='word_1_244' title='bbox 1105 2777 1196 2802; x_wconf 66' lang='lat' dir='ltr'>lez-lus</span> <span class='ocrx_word' id='word_1_245' title='bbox 1219 2775 1341 2803; x_wconf 68' lang='lat' dir='ltr'>eiusdem</span> <span class='ocrx_word' id='word_1_246' title='bbox 1367 2776 1479 2803; x_wconf 62' lang='lat' dir='ltr'>codicis.</span> 
     </span>
    </p>
   </div>
   <div class='ocr_carea' id='block_1_16' title="bbox 99 2823 568 2854">
    <p class='ocr_par' dir='ltr' id='par_1_16' title="bbox 99 2823 568 2854">
     <span class='ocr_line' id='line_1_41' title="bbox 99 2823 568 2854; baseline 0 -1"><span class='ocrx_word' id='word_1_247' title='bbox 99 2834 125 2854; x_wconf 65' lang='grc' dir='ltr'>οἱ)</span> <span class='ocrx_word' id='word_1_248' title='bbox 145 2826 174 2853; x_wconf 72' lang='lat' dir='ltr'>in</span> <span class='ocrx_word' id='word_1_249' title='bbox 198 2828 275 2854; x_wconf 68' lang='lat' dir='ltr'>textu</span> <span class='ocrx_word' id='word_1_250' title='bbox 299 2825 402 2854; x_wconf 77' lang='lat' dir='ltr'>codicis</span> <span class='ocrx_word' id='word_1_251' title='bbox 427 2823 464 2853; x_wconf 85' lang='lat' dir='ltr'><strong><em>K</em></strong></span> <span class='ocrx_word' id='word_1_252' title='bbox 484 2826 568 2854; x_wconf 70' lang='lat' dir='ltr'>deest.</span> 
     </span>
    </p>
   </div>
   <div class='ocr_carea' id='block_1_17' title="bbox 1552 2772 1791 2813">
    <p class='ocr_par' dir='ltr' id='par_1_17' title="bbox 1552 2772 1791 2813">
     <span class='ocr_line' id='line_1_42' title="bbox 1552 2772 1791 2813; baseline 0.013 -9"><span class='ocrx_word' id='word_1_253' title='bbox 1552 2772 1582 2813; x_wconf 80' lang='lat'>2)</span> <span class='ocrx_word' id='word_1_254' title='bbox 1609 2777 1665 2805; x_wconf 68' lang='lat' dir='ltr'>Hic</span> <span class='ocrx_word' id='word_1_255' title='bbox 1691 2778 1791 2807; x_wconf 64' lang='lat' dir='ltr'>titulus</span> 
     </span>
    </p>
   </div>
  </div>
 </body>
</html>
