<?xml version="1.0" encoding="UTF-8"?>
<!DOCTYPE html PUBLIC "-//W3C//DTD XHTML 1.0 Transitional//EN"
    "http://www.w3.org/TR/xhtml1/DTD/xhtml1-transitional.dtd">
<html xmlns="http://www.w3.org/1999/xhtml" xml:lang="en" lang="en">
 <head>
  <title>
</title>
<meta http-equiv="Content-Type" content="text/html;charset=utf-8" />
  <meta name='ocr-system' content='tesseract 3.04.00' />
  <meta name='ocr-capabilities' content='ocr_page ocr_carea ocr_par ocr_line ocrx_word'/>
</head>
<body>
  <div class='ocr_page' id='page_1' title='image "./p1monumentagerma05geseuoft_0097.png"; bbox 0 0 2267 3105; ppageno 0'>
   <div class='ocr_carea' id='block_1_1' title="bbox 129 835 358 1184">
    <p class='ocr_par' dir='ltr' id='par_1_1' title="bbox 330 835 358 865">
     <span class='ocr_line' id='line_1_1' title="bbox 330 835 358 865; baseline -0.036 0"><span class='ocrx_word' id='word_1_1' title='bbox 330 835 358 865; x_wconf 94' lang='grc' dir='ltr'>Ι.</span> 
     </span>
    </p>

    <p class='ocr_par' dir='ltr' id='par_1_2' title="bbox 310 888 356 918">
     <span class='ocr_line' id='line_1_2' title="bbox 310 888 356 918; baseline -0.022 0"><span class='ocrx_word' id='word_1_2' title='bbox 310 888 356 918; x_wconf 90' lang='lat' dir='ltr'>II.</span> 
     </span>
    </p>

    <p class='ocr_par' dir='ltr' id='par_1_3' title="bbox 288 941 354 971">
     <span class='ocr_line' id='line_1_3' title="bbox 288 941 354 971; baseline -0.015 0"><span class='ocrx_word' id='word_1_3' title='bbox 288 941 354 971; x_wconf 91' lang='lat' dir='ltr'>III.</span> 
     </span>
    </p>

    <p class='ocr_par' dir='ltr' id='par_1_4' title="bbox 129 994 356 1077">
     <span class='ocr_line' id='line_1_4' title="bbox 129 994 354 1024; baseline 0.004 -1"><span class='ocrx_word' id='word_1_4' title='bbox 129 1005 141 1023; x_wconf 83' lang='lat'><strong>5</strong></span> <span class='ocrx_word' id='word_1_5' title='bbox 225 1008 229 1011; x_wconf 87' lang='lat'><em>·</em></span> <span class='ocrx_word' id='word_1_6' title='bbox 268 994 354 1024; x_wconf 86' lang='lat' dir='ltr'>IIII.</span> 
     </span>
     <span class='ocr_line' id='line_1_5' title="bbox 318 1047 356 1077; baseline -0.026 0"><span class='ocrx_word' id='word_1_7' title='bbox 318 1047 356 1077; x_wconf 93' lang='lat' dir='ltr'>V.</span> 
     </span>
    </p>

    <p class='ocr_par' dir='ltr' id='par_1_5' title="bbox 295 1100 353 1130">
     <span class='ocr_line' id='line_1_6' title="bbox 295 1100 353 1130; baseline 0 0"><span class='ocrx_word' id='word_1_8' title='bbox 295 1100 353 1130; x_wconf 88' lang='lat' dir='ltr'>VI.</span> 
     </span>
    </p>

    <p class='ocr_par' dir='ltr' id='par_1_6' title="bbox 272 1153 350 1184">
     <span class='ocr_line' id='line_1_7' title="bbox 272 1153 350 1184; baseline -0.013 -1"><span class='ocrx_word' id='word_1_9' title='bbox 272 1153 350 1184; x_wconf 91' lang='lat' dir='ltr'>VII.</span> 
     </span>
    </p>
   </div>
   <div class='ocr_carea' id='block_1_2' title="bbox 120 1260 357 2624">
    <p class='ocr_par' dir='ltr' id='par_1_7' title="bbox 121 1260 356 1344">
     <span class='ocr_line' id='line_1_8' title="bbox 121 1260 354 1290; baseline 0.004 -1"><span class='ocrx_word' id='word_1_10' title='bbox 121 1271 145 1289; x_wconf 84' lang='lat'>10</span> <span class='ocrx_word' id='word_1_11' title='bbox 254 1260 354 1290; x_wconf 86' lang='lat' dir='ltr'><strong>VIII.</strong></span> 
     </span>
     <span class='ocr_line' id='line_1_9' title="bbox 237 1314 356 1344; baseline 0 -1"><span class='ocrx_word' id='word_1_12' title='bbox 237 1314 356 1344; x_wconf 91' lang='lat' dir='ltr'>VIIII.</span> 
     </span>
    </p>

    <p class='ocr_par' dir='ltr' id='par_1_8' title="bbox 312 1368 353 1397">
     <span class='ocr_line' id='line_1_10' title="bbox 312 1368 353 1397; baseline 0 0"><span class='ocrx_word' id='word_1_13' title='bbox 312 1368 353 1397; x_wconf 98' lang='lat' dir='ltr'>X.</span> 
     </span>
    </p>

    <p class='ocr_par' dir='ltr' id='par_1_9' title="bbox 293 1421 355 1451">
     <span class='ocr_line' id='line_1_11' title="bbox 293 1421 355 1451; baseline 0.016 -1"><span class='ocrx_word' id='word_1_14' title='bbox 293 1421 355 1451; x_wconf 90' lang='lat' dir='ltr'>XI.</span> 
     </span>
    </p>

    <p class='ocr_par' dir='ltr' id='par_1_10' title="bbox 272 1474 354 1504">
     <span class='ocr_line' id='line_1_12' title="bbox 272 1474 354 1504; baseline -0.012 0"><span class='ocrx_word' id='word_1_15' title='bbox 272 1474 354 1504; x_wconf 83' lang='lat' dir='ltr'>XII.</span> 
     </span>
    </p>

    <p class='ocr_par' dir='ltr' id='par_1_11' title="bbox 122 1527 356 1611">
     <span class='ocr_line' id='line_1_13' title="bbox 122 1527 356 1557; baseline 0.009 -2"><span class='ocrx_word' id='word_1_16' title='bbox 122 1537 146 1555; x_wconf 82' lang='lat'>15</span> <span class='ocrx_word' id='word_1_17' title='bbox 254 1527 356 1557; x_wconf 89' lang='lat' dir='ltr'>XIII.</span> 
     </span>
     <span class='ocr_line' id='line_1_14' title="bbox 232 1581 354 1611; baseline 0 0"><span class='ocrx_word' id='word_1_18' title='bbox 232 1581 354 1611; x_wconf 88' lang='lat' dir='ltr'>XIIII.</span> 
     </span>
    </p>

    <p class='ocr_par' dir='ltr' id='par_1_12' title="bbox 283 1634 356 1664">
     <span class='ocr_line' id='line_1_15' title="bbox 283 1634 356 1664; baseline 0 0"><span class='ocrx_word' id='word_1_19' title='bbox 283 1634 356 1664; x_wconf 90' lang='lat' dir='ltr'>XV.</span> 
     </span>
    </p>

    <p class='ocr_par' dir='ltr' id='par_1_13' title="bbox 259 1687 353 1718">
     <span class='ocr_line' id='line_1_16' title="bbox 259 1687 353 1718; baseline 0.011 -1"><span class='ocrx_word' id='word_1_20' title='bbox 259 1687 353 1718; x_wconf 92' lang='lat' dir='ltr'>XVI.</span> 
     </span>
    </p>

    <p class='ocr_par' dir='ltr' id='par_1_14' title="bbox 243 1740 356 1771">
     <span class='ocr_line' id='line_1_17' title="bbox 243 1740 356 1771; baseline -0.009 0"><span class='ocrx_word' id='word_1_21' title='bbox 243 1740 356 1771; x_wconf 84' lang='lat' dir='ltr'>XVII.</span> 
     </span>
    </p>

    <p class='ocr_par' dir='ltr' id='par_1_15' title="bbox 121 1794 356 1931">
     <span class='ocr_line' id='line_1_18' title="bbox 121 1794 355 1825; baseline -0.004 -1"><span class='ocrx_word' id='word_1_22' title='bbox 121 1806 147 1824; x_wconf 84' lang='lat'>20</span> <span class='ocrx_word' id='word_1_23' title='bbox 222 1794 355 1825; x_wconf 87' lang='lat' dir='ltr'>XVIII.</span> 
     </span>
     <span class='ocr_line' id='line_1_19' title="bbox 200 1848 354 1878; baseline -0.006 0"><span class='ocrx_word' id='word_1_24' title='bbox 200 1848 354 1878; x_wconf 86' lang='lat' dir='ltr'>XVIIII.</span> 
     </span>
     <span class='ocr_line' id='line_1_20' title="bbox 281 1901 356 1931; baseline -0.013 0"><span class='ocrx_word' id='word_1_25' title='bbox 281 1901 356 1931; x_wconf 89' lang='lat' dir='ltr'>XX.</span> 
     </span>
    </p>

    <p class='ocr_par' dir='ltr' id='par_1_16' title="bbox 260 1954 356 1984">
     <span class='ocr_line' id='line_1_21' title="bbox 260 1954 356 1984; baseline -0.021 0"><span class='ocrx_word' id='word_1_26' title='bbox 260 1954 356 1984; x_wconf 88' lang='lat' dir='ltr'>XXI.</span> 
     </span>
    </p>

    <p class='ocr_par' dir='ltr' id='par_1_17' title="bbox 238 2007 355 2038">
     <span class='ocr_line' id='line_1_22' title="bbox 238 2007 355 2038; baseline -0.017 0"><span class='ocrx_word' id='word_1_27' title='bbox 238 2007 355 2038; x_wconf 84' lang='lat' dir='ltr'>XXII.</span> 
     </span>
    </p>

    <p class='ocr_par' dir='ltr' id='par_1_18' title="bbox 120 2060 356 2304">
     <span class='ocr_line' id='line_1_23' title="bbox 120 2060 355 2091; baseline 0 -1"><span class='ocrx_word' id='word_1_28' title='bbox 120 2071 146 2090; x_wconf 75' lang='lat'>25</span> <span class='ocrx_word' id='word_1_29' title='bbox 218 2060 355 2091; x_wconf 85' lang='lat' dir='ltr'>XXIII.</span> 
     </span>
     <span class='ocr_line' id='line_1_24' title="bbox 198 2114 355 2145; baseline -0.006 -1"><span class='ocrx_word' id='word_1_30' title='bbox 198 2114 282 2145; x_wconf 89' lang='lat' dir='ltr'>XXI</span> <span class='ocrx_word' id='word_1_31' title='bbox 291 2114 355 2144; x_wconf 88' lang='lat'>111.</span> 
     </span>
     <span class='ocr_line' id='line_1_25' title="bbox 246 2167 355 2198; baseline -0.018 0"><span class='ocrx_word' id='word_1_32' title='bbox 246 2167 355 2198; x_wconf 87' lang='lat' dir='ltr'>XXV.</span> 
     </span>
     <span class='ocr_line' id='line_1_26' title="bbox 225 2220 353 2251; baseline -0.008 0"><span class='ocrx_word' id='word_1_33' title='bbox 225 2220 353 2251; x_wconf 88' lang='lat' dir='ltr'>XXVI.</span> 
     </span>
     <span class='ocr_line' id='line_1_27' title="bbox 207 2273 356 2304; baseline -0.007 0"><span class='ocrx_word' id='word_1_34' title='bbox 207 2273 356 2304; x_wconf 90' lang='lat' dir='ltr'>XXVII.</span> 
     </span>
    </p>

    <p class='ocr_par' dir='ltr' id='par_1_19' title="bbox 121 2327 357 2571">
     <span class='ocr_line' id='line_1_28' title="bbox 121 2327 355 2357; baseline 0.004 -1"><span class='ocrx_word' id='word_1_35' title='bbox 121 2338 146 2356; x_wconf 84' lang='lat'>30</span> <span class='ocrx_word' id='word_1_36' title='bbox 186 2327 355 2357; x_wconf 90' lang='lat' dir='ltr'>XXVIII.</span> 
     </span>
     <span class='ocr_line' id='line_1_29' title="bbox 166 2380 356 2411; baseline 0 -1"><span class='ocrx_word' id='word_1_37' title='bbox 166 2380 356 2411; x_wconf 89' lang='lat' dir='ltr'>XXVIIII.</span> 
     </span>
     <span class='ocr_line' id='line_1_30' title="bbox 245 2433 356 2464; baseline -0.009 0"><span class='ocrx_word' id='word_1_38' title='bbox 245 2433 356 2464; x_wconf 89' lang='lat' dir='ltr'>XXX.</span> 
     </span>
     <span class='ocr_line' id='line_1_31' title="bbox 224 2487 355 2517; baseline 0 0"><span class='ocrx_word' id='word_1_39' title='bbox 224 2487 355 2517; x_wconf 89' lang='lat' dir='ltr'>XXXI.</span> 
     </span>
     <span class='ocr_line' id='line_1_32' title="bbox 206 2540 357 2571; baseline 0 -1"><span class='ocrx_word' id='word_1_40' title='bbox 206 2540 357 2571; x_wconf 88' lang='lat' dir='ltr'>XXXII.</span> 
     </span>
    </p>

    <p class='ocr_par' dir='ltr' id='par_1_20' title="bbox 122 2593 357 2624">
     <span class='ocr_line' id='line_1_33' title="bbox 122 2593 357 2624; baseline 0.004 -3"><span class='ocrx_word' id='word_1_41' title='bbox 122 2602 146 2621; x_wconf 74' lang='lat'>³6</span> <span class='ocrx_word' id='word_1_42' title='bbox 188 2593 357 2624; x_wconf 88' lang='lat' dir='ltr'>XXXIII.</span> 
     </span>
    </p>
   </div>
   <div class='ocr_carea' id='block_1_3' title="bbox 167 2646 360 2677">
    <p class='ocr_par' dir='ltr' id='par_1_21' title="bbox 167 2646 360 2677">
     <span class='ocr_line' id='line_1_34' title="bbox 167 2646 360 2677; baseline -0.01 0"><span class='ocrx_word' id='word_1_43' title='bbox 167 2646 360 2677; x_wconf 87' lang='lat' dir='ltr'>XXXlIII.</span> 
     </span>
    </p>
   </div>
   <div class='ocr_carea' id='block_1_4' title="bbox 215 2699 357 2731">
    <p class='ocr_par' dir='ltr' id='par_1_22' title="bbox 215 2699 357 2731">
     <span class='ocr_line' id='line_1_35' title="bbox 215 2699 357 2731; baseline 0.014 -2"><span class='ocrx_word' id='word_1_44' title='bbox 215 2699 357 2731; x_wconf 84' lang='lat' dir='ltr'>XXXV.</span> 
     </span>
    </p>
   </div>
   <div class='ocr_carea' id='block_1_5' title="bbox 676 736 1320 776">
    <p class='ocr_par' dir='ltr' id='par_1_23' title="bbox 676 736 1320 776">
     <span class='ocr_line' id='line_1_36' title="bbox 676 736 1320 776; baseline 0.002 -3"><span class='ocrx_word' id='word_1_45' title='bbox 676 738 749 773; x_wconf 91' lang='lat' dir='ltr'>III.</span> <span class='ocrx_word' id='word_1_46' title='bbox 788 737 984 773; x_wconf 79' lang='lat' dir='ltr'>INDEXl</span> <span class='ocrx_word' id='word_1_47' title='bbox 1014 736 1223 776; x_wconf 79' lang='lat' dir='ltr'>CODICIS</span> <span class='ocrx_word' id='word_1_48' title='bbox 1245 738 1320 774; x_wconf 68' lang='grc' dir='ltr'>ΤΞ.</span> 
     </span>
    </p>
   </div>
   <div class='ocr_carea' id='block_1_6' title="bbox 387 790 1813 2731">
    <p class='ocr_par' dir='ltr' id='par_1_24' title="bbox 1637 790 1799 816">
     <span class='ocr_line' id='line_1_37' title="bbox 1637 790 1799 816; baseline 0.019 -3"><span class='ocrx_word' id='word_1_49' title='bbox 1637 790 1700 814; x_wconf 72' lang='lat' dir='ltr'>haec</span> <span class='ocrx_word' id='word_1_50' title='bbox 1720 791 1799 816; x_wconf 68' lang='lat' dir='ltr'>editso</span> 
     </span>
    </p>

    <p class='ocr_par' dir='ltr' id='par_1_25' title="bbox 387 835 1764 1194">
     <span class='ocr_line' id='line_1_38' title="bbox 391 835 1762 876; baseline 0.001 -11"><span class='ocrx_word' id='word_1_51' title='bbox 391 835 425 866; x_wconf 83' lang='lat' dir='ltr'>Si</span> <span class='ocrx_word' id='word_1_52' title='bbox 451 836 525 876; x_wconf 88' lang='lat' dir='ltr'>quis</span> <span class='ocrx_word' id='word_1_53' title='bbox 550 835 636 866; x_wconf 86' lang='lat' dir='ltr'>liber</span> <span class='ocrx_word' id='word_1_54' title='bbox 661 845 804 876; x_wconf 84' lang='lat' dir='ltr'>persona</span> <span class='ocrx_word' id='word_1_55' title='bbox 828 845 880 866; x_wconf 83' lang='lat' dir='ltr'>res</span> <span class='ocrx_word' id='word_1_56' title='bbox 905 846 982 866; x_wconf 82' lang='lat' dir='ltr'>suas</span> <span class='ocrx_word' id='word_1_57' title='bbox 1007 836 1142 866; x_wconf 88' lang='lat' dir='ltr'>dederit</span> <span class='ocrx_word' id='word_1_58' title='bbox 1166 836 1208 866; x_wconf 83' lang='lat' dir='ltr'>ad</span> <span class='ocrx_word' id='word_1_59' title='bbox 1234 836 1421 867; x_wconf 79' lang='lat' dir='ltr'>eeclesiam.</span> <span class='ocrx_word' id='word_1_60' title='bbox 1681 836 1707 868; x_wconf 92' lang='lat' dir='ltr'>I.</span> <span class='ocrx_word' id='word_1_61' title='bbox 1738 841 1762 867; x_wconf 95' lang='lat'>1.</span> 
     </span>
     <span class='ocr_line' id='line_1_39' title="bbox 392 888 1762 929; baseline 0.001 -11"><span class='ocrx_word' id='word_1_62' title='bbox 392 888 428 919; x_wconf 87' lang='lat' dir='ltr'>Si</span> <span class='ocrx_word' id='word_1_63' title='bbox 453 889 528 929; x_wconf 86' lang='lat' dir='ltr'>quis</span> <span class='ocrx_word' id='word_1_64' title='bbox 553 888 734 929; x_wconf 84' lang='lat' dir='ltr'>culpabilis</span> <span class='ocrx_word' id='word_1_65' title='bbox 760 888 802 918; x_wconf 87' lang='lat' dir='ltr'>ad</span> <span class='ocrx_word' id='word_1_66' title='bbox 828 888 1006 929; x_wconf 67' lang='lat' dir='ltr'>ecclesiam</span> <span class='ocrx_word' id='word_1_67' title='bbox 1033 889 1237 929; x_wconf 77' lang='lat' dir='ltr'>confugerit.</span> <span class='ocrx_word' id='word_1_68' title='bbox 1736 893 1762 920; x_wconf 81' lang='lat'>7.</span> 
     </span>
     <span class='ocr_line' id='line_1_40' title="bbox 389 940 1762 983; baseline 0.001 -11"><span class='ocrx_word' id='word_1_69' title='bbox 389 942 440 973; x_wconf 86' lang='lat' dir='ltr'>De</span> <span class='ocrx_word' id='word_1_70' title='bbox 467 941 631 972; x_wconf 75' lang='lat' dir='ltr'>ministris</span> <span class='ocrx_word' id='word_1_71' title='bbox 657 941 807 983; x_wconf 68' lang='lat' dir='ltr'>ecclesie,</span> <span class='ocrx_word' id='word_1_72' title='bbox 834 942 1003 982; x_wconf 87' lang='lat' dir='ltr'>quomodo</span> <span class='ocrx_word' id='word_1_73' title='bbox 1028 940 1172 982; x_wconf 75' lang='lat' dir='ltr'>eonpofi.</span> <span class='ocrx_word' id='word_1_74' title='bbox 1734 947 1762 973; x_wconf 73' lang='lat'>8.</span> 
     </span>
     <span class='ocr_line' id='line_1_41' title="bbox 389 994 1764 1036; baseline 0 -11"><span class='ocrx_word' id='word_1_75' title='bbox 389 995 440 1025; x_wconf 91' lang='lat' dir='ltr'>De</span> <span class='ocrx_word' id='word_1_76' title='bbox 465 994 661 1035; x_wconf 86' lang='lat' dir='ltr'>presbiteris</span> <span class='ocrx_word' id='word_1_77' title='bbox 686 994 739 1025; x_wconf 85' lang='lat' dir='ltr'>vel</span> <span class='ocrx_word' id='word_1_78' title='bbox 765 994 927 1030; x_wconf 75' lang='lat' dir='ltr'>diaconis,</span> <span class='ocrx_word' id='word_1_79' title='bbox 953 995 1122 1035; x_wconf 89' lang='lat' dir='ltr'>quomodo</span> <span class='ocrx_word' id='word_1_80' title='bbox 1148 994 1291 1036; x_wconf 82' lang='lat' dir='ltr'>conpon.</span> <span class='ocrx_word' id='word_1_81' title='bbox 1736 1000 1764 1025; x_wconf 65' lang='lat'>9.</span> 
     </span>
     <span class='ocr_line' id='line_1_42' title="bbox 390 1047 1764 1089; baseline 0.001 -11"><span class='ocrx_word' id='word_1_82' title='bbox 390 1047 441 1078; x_wconf 87' lang='lat' dir='ltr'>De</span> <span class='ocrx_word' id='word_1_83' title='bbox 467 1048 626 1088; x_wconf 85' lang='lat' dir='ltr'>episcopo</span> <span class='ocrx_word' id='word_1_84' title='bbox 652 1058 750 1088; x_wconf 89' lang='lat' dir='ltr'>quem</span> <span class='ocrx_word' id='word_1_85' title='bbox 778 1048 958 1078; x_wconf 80' lang='lat' dir='ltr'>constituit</span> <span class='ocrx_word' id='word_1_86' title='bbox 982 1058 1049 1085; x_wconf 69' lang='lat' dir='ltr'>rex,</span> <span class='ocrx_word' id='word_1_87' title='bbox 1075 1049 1245 1088; x_wconf 87' lang='lat' dir='ltr'>quomodo</span> <span class='ocrx_word' id='word_1_88' title='bbox 1270 1047 1412 1089; x_wconf 74' lang='lat' dir='ltr'>conpoii.</span> <span class='ocrx_word' id='word_1_89' title='bbox 1715 1054 1764 1081; x_wconf 83' lang='lat'>10.</span> 
     </span>
     <span class='ocr_line' id='line_1_43' title="bbox 387 1101 1764 1143; baseline 0.001 -12"><span class='ocrx_word' id='word_1_90' title='bbox 387 1101 438 1132; x_wconf 92' lang='lat' dir='ltr'>De</span> <span class='ocrx_word' id='word_1_91' title='bbox 464 1101 743 1137; x_wconf 80' lang='lat' dir='ltr'>sanctemoniale,</span> <span class='ocrx_word' id='word_1_92' title='bbox 770 1101 833 1131; x_wconf 79' lang='lat' dir='ltr'>hoe</span> <span class='ocrx_word' id='word_1_93' title='bbox 859 1104 911 1132; x_wconf 85' lang='lat' dir='ltr'>est</span> <span class='ocrx_word' id='word_1_94' title='bbox 936 1101 1009 1132; x_wconf 90' lang='lat' dir='ltr'>Deo</span> <span class='ocrx_word' id='word_1_95' title='bbox 1034 1102 1158 1137; x_wconf 74' lang='lat' dir='ltr'>dicata,</span> <span class='ocrx_word' id='word_1_96' title='bbox 1184 1102 1354 1142; x_wconf 88' lang='lat' dir='ltr'>quomodo</span> <span class='ocrx_word' id='word_1_97' title='bbox 1380 1112 1523 1143; x_wconf 87' lang='lat' dir='ltr'>eonpon.</span> <span class='ocrx_word' id='word_1_98' title='bbox 1718 1107 1764 1133; x_wconf 91' lang='lat'>11.</span> 
     </span>
     <span class='ocr_line' id='line_1_44' title="bbox 387 1154 1551 1194; baseline 0.002 -10"><span class='ocrx_word' id='word_1_99' title='bbox 387 1154 439 1184; x_wconf 86' lang='lat' dir='ltr'>De</span> <span class='ocrx_word' id='word_1_100' title='bbox 476 1154 673 1194; x_wconf 87' lang='lat' dir='ltr'>presbiteris</span> <span class='ocrx_word' id='word_1_101' title='bbox 710 1157 743 1185; x_wconf 81' lang='lat' dir='ltr'>et</span> <span class='ocrx_word' id='word_1_102' title='bbox 780 1155 931 1185; x_wconf 80' lang='lat' dir='ltr'>diaconis</span> <span class='ocrx_word' id='word_1_103' title='bbox 964 1157 999 1185; x_wconf 78' lang='lat' dir='ltr'>et</span> <span class='ocrx_word' id='word_1_104' title='bbox 1031 1155 1072 1186; x_wconf 86' lang='lat' dir='ltr'>de</span> <span class='ocrx_word' id='word_1_105' title='bbox 1107 1155 1269 1186; x_wconf 81' lang='lat' dir='ltr'>eeclesiae</span> <span class='ocrx_word' id='word_1_106' title='bbox 1302 1156 1476 1192; x_wconf 70' lang='lat' dir='ltr'>ministris,</span> <span class='ocrx_word' id='word_1_107' title='bbox 1512 1158 1551 1186; x_wconf 83' lang='lat' dir='ltr'>ut</span> 
     </span>
    </p>

    <p class='ocr_par' dir='ltr' id='par_1_26' title="bbox 388 1207 1813 2731">
     <span class='ocr_line' id='line_1_45' title="bbox 433 1207 1762 1240; baseline 0.002 -3"><span class='ocrx_word' id='word_1_108' title='bbox 433 1207 548 1238; x_wconf 86' lang='lat' dir='ltr'>nullus</span> <span class='ocrx_word' id='word_1_109' title='bbox 574 1218 686 1238; x_wconf 83' lang='lat' dir='ltr'>secum</span> <span class='ocrx_word' id='word_1_110' title='bbox 715 1207 841 1238; x_wconf 84' lang='lat' dir='ltr'>habeat</span> <span class='ocrx_word' id='word_1_111' title='bbox 866 1208 1041 1239; x_wconf 85' lang='lat' dir='ltr'>mulierem</span> <span class='ocrx_word' id='word_1_112' title='bbox 1069 1212 1265 1240; x_wconf 81' lang='lat' dir='ltr'>extraneam</span> <span class='ocrx_word' id='word_1_113' title='bbox 1290 1209 1322 1239; x_wconf 92' lang='lat' dir='ltr'>in</span> <span class='ocrx_word' id='word_1_114' title='bbox 1350 1209 1459 1239; x_wconf 87' lang='lat' dir='ltr'>domo.</span> <span class='ocrx_word' id='word_1_115' title='bbox 1716 1213 1762 1240; x_wconf 71' lang='lat'>12.</span> 
     </span>
     <span class='ocr_line' id='line_1_46' title="bbox 390 1261 1763 1301; baseline 0.001 -11"><span class='ocrx_word' id='word_1_116' title='bbox 390 1261 440 1291; x_wconf 92' lang='lat' dir='ltr'>De</span> <span class='ocrx_word' id='word_1_117' title='bbox 467 1261 596 1291; x_wconf 86' lang='lat' dir='ltr'>colonis</span> <span class='ocrx_word' id='word_1_118' title='bbox 623 1261 726 1292; x_wconf 85' lang='lat' dir='ltr'>servis</span> <span class='ocrx_word' id='word_1_119' title='bbox 752 1261 904 1292; x_wconf 85' lang='lat' dir='ltr'>ecelesiis</span> <span class='ocrx_word' id='word_1_120' title='bbox 929 1262 1077 1301; x_wconf 79' lang='lat' dir='ltr'>qualiter</span> <span class='ocrx_word' id='word_1_121' title='bbox 1101 1262 1259 1292; x_wconf 75' lang='lat' dir='ltr'>serviant.</span> <span class='ocrx_word' id='word_1_122' title='bbox 1714 1266 1763 1293; x_wconf 85' lang='lat'>13.</span> 
     </span>
     <span class='ocr_line' id='line_1_47' title="bbox 392 1314 1685 1356; baseline 0.002 -12"><span class='ocrx_word' id='word_1_123' title='bbox 392 1314 442 1344; x_wconf 91' lang='lat' dir='ltr'>De</span> <span class='ocrx_word' id='word_1_124' title='bbox 469 1314 613 1344; x_wconf 84' lang='lat' dir='ltr'>ducibus</span> <span class='ocrx_word' id='word_1_125' title='bbox 639 1315 748 1345; x_wconf 78' lang='lat' dir='ltr'>causis</span> <span class='ocrx_word' id='word_1_126' title='bbox 774 1315 831 1354; x_wconf 84' lang='lat' dir='ltr'>qui</span> <span class='ocrx_word' id='word_1_127' title='bbox 857 1315 899 1345; x_wconf 82' lang='lat' dir='ltr'>ad</span> <span class='ocrx_word' id='word_1_128' title='bbox 925 1325 1000 1345; x_wconf 86' lang='lat' dir='ltr'>eum</span> <span class='ocrx_word' id='word_1_129' title='bbox 1026 1316 1238 1356; x_wconf 81' lang='lat' dir='ltr'>pertingunt.</span> <span class='ocrx_word' id='word_1_130' title='bbox 1638 1316 1685 1346; x_wconf 90' lang='lat' dir='ltr'>II.</span> 
     </span>
     <span class='ocr_line' id='line_1_48' title="bbox 388 1367 1763 1408; baseline 0 -11"><span class='ocrx_word' id='word_1_131' title='bbox 388 1367 435 1398; x_wconf 85' lang='lat' dir='ltr'>Ut</span> <span class='ocrx_word' id='word_1_132' title='bbox 460 1367 588 1408; x_wconf 82' lang='lat' dir='ltr'>placita</span> <span class='ocrx_word' id='word_1_133' title='bbox 613 1367 698 1398; x_wconf 83' lang='lat' dir='ltr'>fiant</span> <span class='ocrx_word' id='word_1_134' title='bbox 723 1378 782 1408; x_wconf 90' lang='lat' dir='ltr'>per</span> <span class='ocrx_word' id='word_1_135' title='bbox 806 1368 977 1399; x_wconf 79' lang='lat' dir='ltr'>calendas.</span> <span class='ocrx_word' id='word_1_136' title='bbox 1638 1369 1685 1403; x_wconf 77' lang='lat' dir='ltr'>II.</span> <span class='ocrx_word' id='word_1_137' title='bbox 1715 1373 1763 1400; x_wconf 76' lang='lat'>14.</span> 
     </span>
     <span class='ocr_line' id='line_1_49' title="bbox 391 1421 1686 1462; baseline 0.001 -11"><span class='ocrx_word' id='word_1_138' title='bbox 391 1421 441 1451; x_wconf 93' lang='lat' dir='ltr'>De</span> <span class='ocrx_word' id='word_1_139' title='bbox 462 1421 618 1461; x_wconf 85' lang='lat' dir='ltr'>geneloia</span> <span class='ocrx_word' id='word_1_140' title='bbox 639 1421 697 1461; x_wconf 89' lang='lat' dir='ltr'>qui</span> <span class='ocrx_word' id='word_1_141' title='bbox 714 1423 881 1452; x_wconf 82' lang='lat' dir='ltr'>vocantur</span> <span class='ocrx_word' id='word_1_142' title='bbox 899 1422 973 1452; x_wconf 87' lang='lat' dir='ltr'>hosi</span> <span class='ocrx_word' id='word_1_143' title='bbox 991 1422 1091 1452; x_wconf 84' lang='lat' dir='ltr'>droza</span> <span class='ocrx_word' id='word_1_144' title='bbox 1117 1422 1241 1462; x_wconf 76' lang='lat' dir='ltr'>fagana</span> <span class='ocrx_word' id='word_1_145' title='bbox 1261 1422 1438 1462; x_wconf 83' lang='lat' dir='ltr'>hahilinga</span> <span class='ocrx_word' id='word_1_146' title='bbox 1456 1422 1568 1461; x_wconf 76' lang='lat' dir='ltr'>enidn.</span> <span class='ocrx_word' id='word_1_147' title='bbox 1618 1423 1686 1452; x_wconf 89' lang='lat' dir='ltr'>III.</span> 
     </span>
     <span class='ocr_line' id='line_1_50' title="bbox 391 1473 1685 1515; baseline 0.002 -11"><span class='ocrx_word' id='word_1_148' title='bbox 391 1474 439 1505; x_wconf 87' lang='lat' dir='ltr'>De</span> <span class='ocrx_word' id='word_1_149' title='bbox 464 1473 590 1509; x_wconf 71' lang='lat' dir='ltr'>liberis,</span> <span class='ocrx_word' id='word_1_150' title='bbox 621 1475 790 1514; x_wconf 85' lang='lat' dir='ltr'>quomodo</span> <span class='ocrx_word' id='word_1_151' title='bbox 816 1475 957 1515; x_wconf 70' lang='lat' dir='ltr'>conpofi.</span> <span class='ocrx_word' id='word_1_152' title='bbox 1627 1477 1685 1506; x_wconf 91' lang='lat' dir='ltr'>IV.</span> 
     </span>
     <span class='ocr_line' id='line_1_51' title="bbox 390 1527 1761 1568; baseline 0.001 -11"><span class='ocrx_word' id='word_1_153' title='bbox 390 1527 442 1558; x_wconf 86' lang='lat' dir='ltr'>De</span> <span class='ocrx_word' id='word_1_154' title='bbox 468 1527 657 1568; x_wconf 83' lang='lat' dir='ltr'>peregrinis</span> <span class='ocrx_word' id='word_1_155' title='bbox 682 1529 892 1559; x_wconf 80' lang='lat' dir='ltr'>transeuntis</span> <span class='ocrx_word' id='word_1_156' title='bbox 916 1529 1016 1559; x_wconf 80' lang='lat' dir='ltr'>viam.</span> <span class='ocrx_word' id='word_1_157' title='bbox 1627 1530 1685 1565; x_wconf 64' lang='lat' dir='ltr'>IV,</span> <span class='ocrx_word' id='word_1_158' title='bbox 1712 1534 1761 1560; x_wconf 69' lang='lat'>31⁴</span> 
     </span>
     <span class='ocr_line' id='line_1_52' title="bbox 390 1581 1740 1621; baseline 0.001 -10"><span class='ocrx_word' id='word_1_159' title='bbox 390 1581 439 1611; x_wconf 91' lang='lat' dir='ltr'>De</span> <span class='ocrx_word' id='word_1_160' title='bbox 465 1581 569 1612; x_wconf 84' lang='lat' dir='ltr'>servis</span> <span class='ocrx_word' id='word_1_161' title='bbox 594 1581 652 1621; x_wconf 88' lang='lat' dir='ltr'>qui</span> <span class='ocrx_word' id='word_1_162' title='bbox 677 1581 820 1612; x_wconf 86' lang='lat' dir='ltr'>liberum</span> <span class='ocrx_word' id='word_1_163' title='bbox 848 1582 1040 1612; x_wconf 80' lang='lat' dir='ltr'>vendiderit</span> <span class='ocrx_word' id='word_1_164' title='bbox 1065 1582 1118 1613; x_wconf 88' lang='lat' dir='ltr'>vel</span> <span class='ocrx_word' id='word_1_165' title='bbox 1143 1582 1319 1613; x_wconf 81' lang='lat' dir='ltr'>furaverit.</span> <span class='ocrx_word' id='word_1_166' title='bbox 1623 1583 1684 1619; x_wconf 69' lang='lat' dir='ltr'>IX,</span> <span class='ocrx_word' id='word_1_167' title='bbox 1712 1586 1740 1613; x_wconf 77' lang='lat'>5.</span> 
     </span>
     <span class='ocr_line' id='line_1_53' title="bbox 390 1634 1684 1675; baseline 0.001 -11"><span class='ocrx_word' id='word_1_168' title='bbox 390 1634 442 1665; x_wconf 87' lang='lat' dir='ltr'>De</span> <span class='ocrx_word' id='word_1_169' title='bbox 459 1634 511 1664; x_wconf 86' lang='lat' dir='ltr'>his</span> <span class='ocrx_word' id='word_1_170' title='bbox 529 1634 587 1674; x_wconf 91' lang='lat' dir='ltr'>qui</span> <span class='ocrx_word' id='word_1_171' title='bbox 604 1644 663 1675; x_wconf 83' lang='lat' dir='ltr'>per</span> <span class='ocrx_word' id='word_1_172' title='bbox 681 1645 818 1665; x_wconf 83' lang='lat' dir='ltr'>manum</span> <span class='ocrx_word' id='word_1_173' title='bbox 837 1635 967 1665; x_wconf 86' lang='lat' dir='ltr'>dimissi</span> <span class='ocrx_word' id='word_1_174' title='bbox 981 1638 1061 1666; x_wconf 87' lang='lat' dir='ltr'>sunt</span> <span class='ocrx_word' id='word_1_175' title='bbox 1078 1635 1186 1670; x_wconf 78' lang='lat' dir='ltr'>liberi.</span> <span class='ocrx_word' id='word_1_176' title='bbox 1205 1635 1295 1675; x_wconf 84' lang='lat' dir='ltr'>quod</span> <span class='ocrx_word' id='word_1_177' title='bbox 1308 1635 1406 1666; x_wconf 80' lang='lat' dir='ltr'>frilaz</span> <span class='ocrx_word' id='word_1_178' title='bbox 1419 1638 1552 1666; x_wconf 77' lang='lat' dir='ltr'>vocant.</span> <span class='ocrx_word' id='word_1_179' title='bbox 1647 1637 1684 1667; x_wconf 87' lang='lat' dir='ltr'>V.</span> 
     </span>
     <span class='ocr_line' id='line_1_54' title="bbox 390 1688 1684 1729; baseline 0.002 -11"><span class='ocrx_word' id='word_1_180' title='bbox 390 1688 439 1718; x_wconf 93' lang='lat' dir='ltr'>De</span> <span class='ocrx_word' id='word_1_181' title='bbox 465 1688 579 1723; x_wconf 74' lang='lat' dir='ltr'>servis,</span> <span class='ocrx_word' id='word_1_182' title='bbox 606 1689 775 1728; x_wconf 89' lang='lat' dir='ltr'>quomodo</span> <span class='ocrx_word' id='word_1_183' title='bbox 800 1698 944 1729; x_wconf 85' lang='lat' dir='ltr'>conpon.</span> <span class='ocrx_word' id='word_1_184' title='bbox 1627 1690 1684 1720; x_wconf 91' lang='lat' dir='ltr'>VI.</span> 
     </span>
     <span class='ocr_line' id='line_1_55' title="bbox 393 1741 1685 1783; baseline 0.002 -12"><span class='ocrx_word' id='word_1_185' title='bbox 393 1741 441 1772; x_wconf 92' lang='lat' dir='ltr'>De</span> <span class='ocrx_word' id='word_1_186' title='bbox 467 1741 628 1772; x_wconf 82' lang='lat' dir='ltr'>uxoribus</span> <span class='ocrx_word' id='word_1_187' title='bbox 654 1741 706 1772; x_wconf 87' lang='lat' dir='ltr'>vel</span> <span class='ocrx_word' id='word_1_188' title='bbox 731 1752 880 1782; x_wconf 74' lang='lat' dir='ltr'>sponsas,</span> <span class='ocrx_word' id='word_1_189' title='bbox 907 1743 1076 1782; x_wconf 86' lang='lat' dir='ltr'>quomodo</span> <span class='ocrx_word' id='word_1_190' title='bbox 1102 1741 1245 1783; x_wconf 74' lang='lat' dir='ltr'>conpofi.</span> <span class='ocrx_word' id='word_1_191' title='bbox 1585 1743 1685 1773; x_wconf 89' lang='lat' dir='ltr'>VIII.</span> 
     </span>
     <span class='ocr_line' id='line_1_56' title="bbox 389 1794 1684 1827; baseline 0.002 -3"><span class='ocrx_word' id='word_1_192' title='bbox 389 1794 440 1825; x_wconf 86' lang='lat' dir='ltr'>De</span> <span class='ocrx_word' id='word_1_193' title='bbox 465 1794 572 1824; x_wconf 81' lang='lat' dir='ltr'>furtu.</span> <span class='ocrx_word' id='word_1_194' title='bbox 1626 1797 1684 1827; x_wconf 87' lang='lat' dir='ltr'>IX.</span> 
     </span>
     <span class='ocr_line' id='line_1_57' title="bbox 391 1848 1762 1887; baseline 0.001 -9"><span class='ocrx_word' id='word_1_195' title='bbox 391 1848 436 1878; x_wconf 85' lang='lat' dir='ltr'>Ut</span> <span class='ocrx_word' id='word_1_196' title='bbox 461 1850 675 1878; x_wconf 80' lang='lat' dir='ltr'>sacramenta</span> <span class='ocrx_word' id='word_1_197' title='bbox 700 1859 767 1878; x_wconf 88' lang='lat' dir='ltr'>non</span> <span class='ocrx_word' id='word_1_198' title='bbox 793 1849 860 1879; x_wconf 79' lang='lat' dir='ltr'>cito</span> <span class='ocrx_word' id='word_1_199' title='bbox 887 1849 979 1879; x_wconf 77' lang='lat' dir='ltr'>fiant.</span> <span class='ocrx_word' id='word_1_200' title='bbox 1623 1850 1684 1887; x_wconf 70' lang='lat' dir='ltr'>IX,</span> <span class='ocrx_word' id='word_1_201' title='bbox 1714 1854 1762 1881; x_wconf 67' lang='lat'>18.</span> 
     </span>
     <span class='ocr_line' id='line_1_58' title="bbox 389 1901 1762 1941; baseline 0.001 -10"><span class='ocrx_word' id='word_1_202' title='bbox 389 1901 441 1932; x_wconf 89' lang='lat' dir='ltr'>De</span> <span class='ocrx_word' id='word_1_203' title='bbox 465 1901 554 1931; x_wconf 79' lang='lat' dir='ltr'>falsa</span> <span class='ocrx_word' id='word_1_204' title='bbox 578 1902 807 1941; x_wconf 72' lang='lat' dir='ltr'>suggestione.</span> <span class='ocrx_word' id='word_1_205' title='bbox 1734 1907 1762 1933; x_wconf 80' lang='lat'>9.</span> 
     </span>
     <span class='ocr_line' id='line_1_59' title="bbox 390 1954 1751 1995; baseline 0.002 -11"><span class='ocrx_word' id='word_1_206' title='bbox 390 1954 441 1985; x_wconf 78' lang='lat' dir='ltr'>De</span> <span class='ocrx_word' id='word_1_207' title='bbox 466 1954 573 1984; x_wconf 82' lang='lat' dir='ltr'>fontis</span> <span class='ocrx_word' id='word_1_208' title='bbox 597 1955 814 1995; x_wconf 71' lang='lat' dir='ltr'>inmunditie.</span> <span class='ocrx_word' id='word_1_209' title='bbox 1643 1957 1684 1991; x_wconf 72' lang='lat' dir='ltr'>X,</span> <span class='ocrx_word' id='word_1_210' title='bbox 1712 1960 1751 1987; x_wconf 77' lang='lat'>22</span> 
     </span>
     <span class='ocr_line' id='line_1_60' title="bbox 390 2007 1685 2040; baseline 0.002 -2"><span class='ocrx_word' id='word_1_211' title='bbox 390 2007 440 2038; x_wconf 84' lang='lat' dir='ltr'>De</span> <span class='ocrx_word' id='word_1_212' title='bbox 465 2008 722 2038; x_wconf 83' lang='lat' dir='ltr'>vinditionibus.</span> <span class='ocrx_word' id='word_1_213' title='bbox 1591 2010 1685 2040; x_wconf 88' lang='lat' dir='ltr'>XVI.</span> 
     </span>
     <span class='ocr_line' id='line_1_61' title="bbox 390 2061 1762 2101; baseline 0.001 -10"><span class='ocrx_word' id='word_1_214' title='bbox 390 2061 441 2091; x_wconf 92' lang='lat' dir='ltr'>De</span> <span class='ocrx_word' id='word_1_215' title='bbox 467 2071 506 2091; x_wconf 86' lang='lat' dir='ltr'>eo</span> <span class='ocrx_word' id='word_1_216' title='bbox 531 2061 588 2101; x_wconf 87' lang='lat' dir='ltr'>qui</span> <span class='ocrx_word' id='word_1_217' title='bbox 613 2071 705 2092; x_wconf 76' lang='lat' dir='ltr'>arras</span> <span class='ocrx_word' id='word_1_218' title='bbox 731 2061 873 2092; x_wconf 85' lang='lat' dir='ltr'>dederit.</span> <span class='ocrx_word' id='word_1_219' title='bbox 1590 2063 1683 2099; x_wconf 73' lang='lat' dir='ltr'>XVI,</span> <span class='ocrx_word' id='word_1_220' title='bbox 1713 2066 1762 2094; x_wconf 90' lang='lat'>10.</span> 
     </span>
     <span class='ocr_line' id='line_1_62' title="bbox 389 2114 1683 2154; baseline 0.002 -10"><span class='ocrx_word' id='word_1_221' title='bbox 389 2114 440 2144; x_wconf 93' lang='lat' dir='ltr'>De</span> <span class='ocrx_word' id='word_1_222' title='bbox 467 2114 588 2154; x_wconf 84' lang='lat' dir='ltr'>piguis.</span> <span class='ocrx_word' id='word_1_223' title='bbox 1582 2116 1683 2146; x_wconf 89' lang='lat' dir='ltr'>XIII.</span> 
     </span>
     <span class='ocr_line' id='line_1_63' title="bbox 388 2167 1683 2200; baseline 0.002 -3"><span class='ocrx_word' id='word_1_224' title='bbox 388 2167 439 2198; x_wconf 88' lang='lat' dir='ltr'>De</span> <span class='ocrx_word' id='word_1_225' title='bbox 464 2167 638 2198; x_wconf 84' lang='lat' dir='ltr'>violentio.</span> <span class='ocrx_word' id='word_1_226' title='bbox 1623 2169 1683 2200; x_wconf 88' lang='lat' dir='ltr'>XI.</span> 
     </span>
     <span class='ocr_line' id='line_1_64' title="bbox 388 2220 1739 2261; baseline 0.002 -11"><span class='ocrx_word' id='word_1_227' title='bbox 388 2220 439 2251; x_wconf 85' lang='grc' dir='ltr'>ΒΕ</span> <span class='ocrx_word' id='word_1_228' title='bbox 465 2231 572 2252; x_wconf 82' lang='lat' dir='ltr'>messe</span> <span class='ocrx_word' id='word_1_229' title='bbox 598 2221 650 2252; x_wconf 89' lang='lat' dir='ltr'>vel</span> <span class='ocrx_word' id='word_1_230' title='bbox 675 2223 822 2261; x_wconf 79' lang='lat' dir='ltr'>pratum.</span> <span class='ocrx_word' id='word_1_231' title='bbox 1711 2227 1739 2253; x_wconf 82' lang='lat'>6.</span> 
     </span>
     <span class='ocr_line' id='line_1_65' title="bbox 388 2274 1751 2314; baseline 0.001 -10"><span class='ocrx_word' id='word_1_232' title='bbox 388 2277 435 2305; x_wconf 87' lang='lat' dir='ltr'>De</span> <span class='ocrx_word' id='word_1_233' title='bbox 461 2284 500 2305; x_wconf 89' lang='lat' dir='ltr'>eo</span> <span class='ocrx_word' id='word_1_234' title='bbox 525 2274 583 2314; x_wconf 83' lang='lat' dir='ltr'>qui</span> <span class='ocrx_word' id='word_1_235' title='bbox 608 2277 782 2314; x_wconf 80' lang='lat' dir='ltr'>parentem</span> <span class='ocrx_word' id='word_1_236' title='bbox 809 2284 906 2305; x_wconf 86' lang='lat' dir='ltr'>suum</span> <span class='ocrx_word' id='word_1_237' title='bbox 932 2275 1080 2305; x_wconf 79' lang='lat' dir='ltr'>occisum</span> <span class='ocrx_word' id='word_1_238' title='bbox 1106 2275 1268 2306; x_wconf 76' lang='lat' dir='ltr'>vindicat.</span> <span class='ocrx_word' id='word_1_239' title='bbox 1626 2277 1683 2311; x_wconf 72' lang='lat' dir='ltr'>IV,</span> <span class='ocrx_word' id='word_1_240' title='bbox 1712 2280 1751 2306; x_wconf 66' lang='lat'>29</span> 
     </span>
     <span class='ocr_line' id='line_1_66' title="bbox 388 2327 1683 2359; baseline 0.002 -2"><span class='ocrx_word' id='word_1_241' title='bbox 388 2327 439 2358; x_wconf 89' lang='lat' dir='ltr'>De</span> <span class='ocrx_word' id='word_1_242' title='bbox 462 2327 618 2358; x_wconf 81' lang='lat' dir='ltr'>testibus.</span> <span class='ocrx_word' id='word_1_243' title='bbox 1569 2329 1683 2359; x_wconf 90' lang='lat' dir='ltr'>XVII.</span> 
     </span>
     <span class='ocr_line' id='line_1_67' title="bbox 390 2380 1760 2421; baseline 0.001 -11"><span class='ocrx_word' id='word_1_244' title='bbox 390 2380 441 2411; x_wconf 91' lang='lat' dir='ltr'>De</span> <span class='ocrx_word' id='word_1_245' title='bbox 466 2381 520 2411; x_wconf 83' lang='lat' dir='ltr'>via</span> <span class='ocrx_word' id='word_1_246' title='bbox 546 2380 682 2421; x_wconf 85' lang='lat' dir='ltr'>publica</span> <span class='ocrx_word' id='word_1_247' title='bbox 708 2383 742 2411; x_wconf 81' lang='lat' dir='ltr'>et</span> <span class='ocrx_word' id='word_1_248' title='bbox 767 2381 807 2412; x_wconf 89' lang='lat' dir='ltr'>de</span> <span class='ocrx_word' id='word_1_249' title='bbox 833 2381 960 2412; x_wconf 87' lang='lat' dir='ltr'>semitis</span> <span class='ocrx_word' id='word_1_250' title='bbox 985 2381 1149 2412; x_wconf 84' lang='lat' dir='ltr'>vicinalis.</span> <span class='ocrx_word' id='word_1_251' title='bbox 1643 2383 1683 2416; x_wconf 74' lang='lat' dir='ltr'>X,</span> <span class='ocrx_word' id='word_1_252' title='bbox 1715 2387 1760 2413; x_wconf 74' lang='lat'>19.</span> 
     </span>
     <span class='ocr_line' id='line_1_68' title="bbox 390 2434 1682 2474; baseline 0 -10"><span class='ocrx_word' id='word_1_253' title='bbox 390 2434 441 2465; x_wconf 91' lang='lat' dir='ltr'>De</span> <span class='ocrx_word' id='word_1_254' title='bbox 467 2435 596 2474; x_wconf 86' lang='lat' dir='ltr'>nuptiis</span> <span class='ocrx_word' id='word_1_255' title='bbox 621 2434 772 2465; x_wconf 82' lang='lat' dir='ltr'>inlicitis.</span> <span class='ocrx_word' id='word_1_256' title='bbox 1604 2436 1682 2466; x_wconf 92' lang='lat' dir='ltr'>VII.</span> 
     </span>
     <span class='ocr_line' id='line_1_69' title="bbox 390 2487 1740 2528; baseline 0.001 -11"><span class='ocrx_word' id='word_1_257' title='bbox 390 2487 440 2518; x_wconf 90' lang='lat' dir='ltr'>De</span> <span class='ocrx_word' id='word_1_258' title='bbox 465 2488 625 2528; x_wconf 82' lang='lat' dir='ltr'>operibus</span> <span class='ocrx_word' id='word_1_259' title='bbox 650 2488 683 2518; x_wconf 91' lang='lat' dir='ltr'>in</span> <span class='ocrx_word' id='word_1_260' title='bbox 710 2488 764 2519; x_wconf 89' lang='lat' dir='ltr'>die</span> <span class='ocrx_word' id='word_1_261' title='bbox 790 2488 970 2519; x_wconf 83' lang='lat' dir='ltr'>dominico.</span> <span class='ocrx_word' id='word_1_262' title='bbox 1606 2489 1683 2523; x_wconf 79' lang='lat' dir='ltr'>VII.</span> <span class='ocrx_word' id='word_1_263' title='bbox 1711 2492 1740 2519; x_wconf 79' lang='lat'>4.</span> 
     </span>
     <span class='ocr_line' id='line_1_70' title="bbox 391 2541 1761 2580; baseline 0.001 -9"><span class='ocrx_word' id='word_1_264' title='bbox 391 2541 442 2571; x_wconf 88' lang='lat' dir='ltr'>De</span> <span class='ocrx_word' id='word_1_265' title='bbox 468 2551 507 2571; x_wconf 87' lang='lat' dir='ltr'>eo</span> <span class='ocrx_word' id='word_1_266' title='bbox 532 2541 589 2580; x_wconf 87' lang='lat' dir='ltr'>qui</span> <span class='ocrx_word' id='word_1_267' title='bbox 615 2541 761 2572; x_wconf 75' lang='lat' dir='ltr'>ahenum</span> <span class='ocrx_word' id='word_1_268' title='bbox 789 2542 915 2572; x_wconf 83' lang='lat' dir='ltr'>animal</span> <span class='ocrx_word' id='word_1_269' title='bbox 940 2542 1076 2573; x_wconf 81' lang='lat' dir='ltr'>oceidit.</span> <span class='ocrx_word' id='word_1_270' title='bbox 1591 2543 1683 2577; x_wconf 82' lang='lat' dir='ltr'>XIV,</span> <span class='ocrx_word' id='word_1_271' title='bbox 1715 2546 1761 2573; x_wconf 81' lang='lat'>17.</span> 
     </span>
     <span class='ocr_line' id='line_1_71' title="bbox 394 2591 1813 2636; baseline 0.001 -12"><span class='ocrx_word' id='word_1_272' title='bbox 394 2591 468 2634; x_wconf 87' lang='lat' dir='ltr'>[D]e</span> <span class='ocrx_word' id='word_1_273' title='bbox 494 2594 740 2625; x_wconf 81' lang='lat' dir='ltr'>commendatis</span> <span class='ocrx_word' id='word_1_274' title='bbox 766 2594 819 2625; x_wconf 89' lang='lat' dir='ltr'>vel</span> <span class='ocrx_word' id='word_1_275' title='bbox 844 2595 1078 2626; x_wconf 85' lang='lat' dir='ltr'>commodatis.</span> <span class='ocrx_word' id='word_1_276' title='bbox 1612 2596 1684 2628; x_wconf 73' lang='lat' dir='ltr'>XV,</span> <span class='ocrx_word' id='word_1_277' title='bbox 1716 2600 1813 2636; x_wconf 86' lang='lat' dir='ltr'>lsqq.</span> 
     </span>
     <span class='ocr_line' id='line_1_72' title="bbox 394 2646 1760 2689; baseline 0.001 -12"><span class='ocrx_word' id='word_1_278' title='bbox 394 2646 444 2677; x_wconf 86' lang='lat' dir='ltr'>De</span> <span class='ocrx_word' id='word_1_279' title='bbox 470 2647 580 2677; x_wconf 83' lang='lat' dir='ltr'>viduis</span> <span class='ocrx_word' id='word_1_280' title='bbox 605 2648 662 2687; x_wconf 90' lang='lat' dir='ltr'>qui</span> <span class='ocrx_word' id='word_1_281' title='bbox 688 2650 763 2688; x_wconf 76' lang='lat' dir='ltr'>post</span> <span class='ocrx_word' id='word_1_282' title='bbox 789 2650 929 2679; x_wconf 87' lang='lat' dir='ltr'>mortem</span> <span class='ocrx_word' id='word_1_283' title='bbox 958 2648 1072 2678; x_wconf 82' lang='lat' dir='ltr'>mariti</span> <span class='ocrx_word' id='word_1_284' title='bbox 1098 2650 1304 2689; x_wconf 84' lang='lat' dir='ltr'>permaneat.</span> <span class='ocrx_word' id='word_1_285' title='bbox 1714 2651 1760 2679; x_wconf 85' lang='lat'>17.</span> 
     </span>
     <span class='ocr_line' id='line_1_73' title="bbox 392 2699 1738 2731; baseline 0.001 -1"><span class='ocrx_word' id='word_1_286' title='bbox 392 2699 442 2730; x_wconf 87' lang='grc' dir='ltr'>ΒΕ</span> <span class='ocrx_word' id='word_1_287' title='bbox 469 2700 661 2731; x_wconf 84' lang='lat' dir='ltr'>hereditate</span> <span class='ocrx_word' id='word_1_288' title='bbox 686 2701 812 2731; x_wconf 85' lang='lat' dir='ltr'>fratris.</span> <span class='ocrx_word' id='word_1_289' title='bbox 1710 2705 1738 2731; x_wconf 80' lang='grc'>8.</span> 
     </span>
    </p>
   </div>
   <div class='ocr_carea' id='block_1_7' title="bbox 221 2801 1583 2889">
    <p class='ocr_par' dir='ltr' id='par_1_27' title="bbox 221 2801 1583 2889">
     <span class='ocr_line' id='line_1_74' title="bbox 279 2801 1292 2840; baseline 0.002 -9"><span class='ocrx_word' id='word_1_290' title='bbox 279 2801 304 2838; x_wconf 82' lang='grc'><em>1)</em></span> <span class='ocrx_word' id='word_1_291' title='bbox 336 2803 402 2832; x_wconf 80' lang='lat' dir='ltr'>Non</span> <span class='ocrx_word' id='word_1_292' title='bbox 426 2804 577 2832; x_wconf 70' lang='lat' dir='ltr'>ronrordat</span> <span class='ocrx_word' id='word_1_293' title='bbox 600 2813 661 2832; x_wconf 79' lang='lat' dir='ltr'>cum</span> <span class='ocrx_word' id='word_1_294' title='bbox 685 2805 784 2833; x_wconf 80' lang='lat' dir='ltr'>ordine</span> <span class='ocrx_word' id='word_1_295' title='bbox 808 2805 933 2840; x_wconf 76' lang='lat' dir='ltr'>cupitum</span> <span class='ocrx_word' id='word_1_296' title='bbox 958 2808 1048 2834; x_wconf 66' lang='lat' dir='ltr'>tea-tus</span> <span class='ocrx_word' id='word_1_297' title='bbox 1072 2806 1156 2834; x_wconf 69' lang='lat' dir='ltr'>huius</span> <span class='ocrx_word' id='word_1_298' title='bbox 1179 2806 1292 2835; x_wconf 78' lang='lat' dir='ltr'>codicis.</span> 
     </span>
     <span class='ocr_line' id='line_1_75' title="bbox 221 2861 1583 2889; baseline 0.008 -11"><span class='ocrx_word' id='word_1_299' title='bbox 221 2861 264 2878; x_wconf 91' lang='lat' dir='ltr'>LL.</span> <span class='ocrx_word' id='word_1_300' title='bbox 280 2862 339 2879; x_wconf 71' lang='lat' dir='ltr'>sect.</span> <span class='ocrx_word' id='word_1_301' title='bbox 357 2861 373 2879; x_wconf 92' lang='lat'>1.</span> <span class='ocrx_word' id='word_1_302' title='bbox 391 2861 417 2879; x_wconf 91' lang='lat' dir='ltr'>V.</span> <span class='ocrx_word' id='word_1_303' title='bbox 1549 2865 1583 2889; x_wconf 67' lang='lat'>34</span> 
     </span>
    </p>
   </div>
  </div>
 </body>
</html>
