2267 3105
595 145 675 173 LEX
699 144 1012 173 BAIWARIORUM.
1038 159 1081 163 ——
1105 145 1355 173 PRAEFATIO.
1744 150 1804 177 183

261 238 295 277 2)
331 238 434 271 Codex
462 239 718 271 membranaceus
742 238 1001 270 Parisinus
1033 241 1116 269 4417
1153 250 1178 269 s.
1204 239 1264 270 IX
1272 240 1361 270 —X
1383 240 1456 271 olim
1481 241 1701 272 canonicorum
1726 243 1805 274 Am‘-

152 291 314 330 ciensium,
332 291 445 323 deinde
467 291 665 323 Colbertinus
682 295 755 330 826,
776 295 885 333 postea
901 292 1008 331 reqius
1025 295 1120 323 5159.
1139 295 1168 329 5,
1187 293 1224 323 de
1240 303 1299 332 quo
1315 293 1350 324 J.
1366 293 1491 325 Merkel
1508 294 1526 325 l.
1545 305 1569 325 c.
1580 305 1614 334 p.
1630 298 1804 326 586-588

151 344 269 376 retulit.
315 344 393 376 Pl.
425 345 468 376 In
490 345 581 384 foliis
607 348 783 376 130—159
811 345 907 384 leqem
931 344 1176 376 Baiwariorum
1200 345 1346 377 continet.

258 406 293 445 3)
321 407 427 438 Codex
445 408 700 439 membranaceus
720 406 948 438 Parisinus
967 410 1064 444 4614,
1090 406 1162 438 olim
1186 407 1350 441 Thuanus.
1372 408 1485 439 deinde
1511 407 1708 441 Colbertinus
1731 413 1804 447 777,

119 474 130 492 ⁵
146 463 257 500 postea
279 460 385 499 reyius
408 463 494 492 4898
518 472 543 492 s.
570 461 606 491 X
630 459 687 497 (Ξ
711 460 803 499 P2),
836 460 872 491 in
900 471 959 500 quo
986 464 1057 500 post
1086 461 1181 500 leqem
1204 460 1460 492 Alamannorum
1491 462 1540 493 lex
1563 462 1805 494 Baius-ariorum

151 516 269 551 exstat,
301 513 476 554 descriptus
505 513 686 545 accuratius
709 515 749 545 ab
773 514 807 545 J.
834 514 959 545 Merlcel
982 513 1018 544 in
1043 514 1151 546 Perte'
1178 513 1333 553 ‘Arclziv’,
1358 514 1412 545 ubi
1436 525 1515 554 qnae
1538 516 1581 546 acl
1605 515 1687 547 lianc
1711 516 1805 556 leyem

148 566 326 606 pertinent,
353 567 414 598 XI
416 592 424 606 ,
450 577 485 608 p.
511 570 574 599 585
591 578 636 607 sq.
672 570 701 599 et
730 577 809 607 quae
843 568 887 598 ad
917 566 1066 598 Edictum
1098 567 1380 607 Lanqobardorum
1413 567 1602 608 respiciunt,
1636 569 1714 607 VII,
1743 572 1802 600 767

152 623 357 651 enarrantur.

258 683 294 722 4)
338 681 441 714 Codex
474 682 655 722 deperditus
692 693 751 722 quo
787 682 957 723 opinamur
987 682 1028 714 H
1035 693 1050 714 c
1063 682 1168 714 rold
1177 693 1242 714 um
1281 682 1355 714 olim
1390 683 1426 714 in
1468 693 1527 714 sua
1561 683 1698 715 editione
1737 695 1804 716 (on-

109 748 133 767 10
151 735 291 774 jicienda
314 746 406 767 usum
428 746 493 767 esse
516 734 640 775 (Her)
669 735 724 775 (cf.
749 736 843 775 infra
860 747 895 776 p.
915 739 987 774 188,
1012 746 1063 768 nr.
1082 736 1126 775 3).

260 796 295 836 5)
330 797 432 829 Codex
460 798 717 830 membranaceus
741 798 999 830 Parisinus
1023 801 1119 836 4759,
1153 799 1312 838 quondam
1341 798 1537 830 Colbertinus
1562 802 1663 837 5418,
1701 800 1806 840 reqins

153 845 239 889 ‘gl—99
264 879 288 900 s.
309 868 368 899 IX
390 869 534 901 exeuntis
558 867 615 907 (=
633 868 724 908 123),
749 869 807 909 qui
830 869 865 901 in
888 869 979 908 foliis
1003 873 1140 901 21-46
1162 871 1325 911 proloqum
1350 871 1486 902 indicem
1511 874 1687 911 textumque
1710 872 1806 903 leuius

153 898 230 980 liidie}
253 939 398 971 continet.
451 939 553 972 Codex
577 941 751 982 descriptus
773 944 818 973 est
841 942 928 982 apud
951 942 985 973 J.
1004 941 1130 973 Merl-el
1154 942 1173 973 l.
1199 941 1218 972 l.
1239 953 1273 981 p.
1292 945 1355 973 588
1368 954 1413 983 sq.

110 1018 133 1036 1⁵
261 1003 295 1042 6)
332 1001 438 1034 Codex
460 1002 641 1044 deperditus
664 1013 753 1043 quem
778 1003 886 1035 Sich
900 1004 1043 1035 ardus
1060 1004 1172 1044 praelo
1196 1004 1328 1036 subiecit
1352 1003 1408 1043 (cf.
1434 1005 1528 1044 infra
1546 1016 1581 1046 p.
1602 1009 1673 1044 188,
1699 1017 1748 1038 nr.
1770 1011 1803 1045 1)

154 1052 290 1095 (sich).

261 1108 295 1148 7)
331 1108 436 1140 Codex
465 1109 645 1149 deperditus
673 1120 762 1150 quem
790 1110 820 1141 T
828 1110 949 1141 ilius
979 1110 1015 1142 in
1046 1110 1182 1142 editione
1212 1111 1289 1150 leqis
1313 1111 1460 1143 adhibuit
1483 1112 1539 1151 (cf.
1564 1112 1657 1151 infra
1675 1124 1710 1154 p.
1732 1117 1803 1152 188,

151 1172 201 1194 nr.
220 1162 255 1203 2)
281 1161 339 1201 (=
362 1162 451 1202 Til).

259 1224 294 1262 8)
329 1223 432 1256 Codex
455 1225 663 1257 Monacensis
693 1225 799 1265 reyius
829 1225 951 1257 latinus
979 1229 1061 1257 1634
1086 1237 1109 1257 s.
1132 1227 1273 1258 XVIII
1293 1227 1348 1267 qui
1371 1239 1408 1259 ex
1432 1228 1570 1260 editione
1598 1228 1731 1260 Tiliana
1755 1230 1802 1259 de-

107 1292 132 1311 ει)
147 1281 312 1318 promptus
337 1278 446 1309 varias
469 1278 615 1310 lectiones
638 1278 776 1310 alicuius
800 1279 949 1310 momenti
973 1290 1034 1310 non
1061 1280 1193 1311 exhibet.

259 1339 295 1379 9)
324 1339 427 1371 Codex
447 1340 675 1372 Parisinus
692 1344 777 1372 9654
802 1351 826 1372 s.
847 1341 890 1380 X,
916 1343 1072 1381 quondam
1090 1342 1200 1383 Suppl.
1226 1343 1279 1374 lat.
1300 1346 1350 1381 75,
1372 1344 1549 1385 descriptus
1568 1345 1607 1375 ab
1627 1344 1661 1376 J.
1680 1344 1805 1376 DIerlwl

151 1393 170 1423 l.
196 1392 216 1423 l.
235 1403 270 1432 p.
289 1396 352 1424 589
365 1404 429 1433 sqq.
456 1394 513 1433 (=
536 1393 632 1430 1³4).

259 1446 314 1485 10)
353 1446 457 1478 Codex
491 1447 719 1479 Parisinus
755 1448 856 1479 Nouo.
889 1458 955 1487 acq.
982 1459 1032 1479 nr.
1052 1451 1114 1480 204
1144 1448 1314 1490 (--P5)‚
1346 1450 1383 1481 de
1413 1461 1472 1490 quo
1497 1450 1540 1481 K.
1567 1451 1732 1482 Lehmann
1769 1452 1803 1482 ‘in

141 1499 322 1531 annalibus
347 1500 462 1532 ‘Neues
485 1500 622 1531 Archiv'
644 1500 732 1540 XII,
752 1511 787 1540 p.
806 1504 995 1533 579—585
1031 1502 1213 1533 accuratius
1247 1503 1400 1535 disseruit
1435 1503 1491 1543 (cf.
1523 1514 1621 1544 supra
1651 1515 1684 1544 p.
1713 1505 1803 1548 1⁸82).

105 1570 131 1588 25
150 1552 219 1584 Hoc
248 1552 429 1593 fraymento
459 1553 549 1585 nobis
580 1554 729 1594 proloqus
760 1554 857 1586 index
892 1558 1050 1594 textusque
1085 1555 1163 1595 leyis
1197 1566 1294 1596 usque
1329 1557 1372 1588 ad
1401 1557 1496 1595 finem
1526 1557 1639 1598 eapitis
1672 1558 1758 1594 XII,
1785 1562 1802 1589 8

150 1605 299 1637 traditur.

259 1659 315 1698 11)
343 1658 450 1692 Codex
473 1661 729 1692 membranaceus
753 1660 956 1693 bibliothecae
974 1662 1194 1694 universitatis
1218 1662 1248 1694 G
1260 1673 1278 1693 r
1290 1675 1310 1694 a
1322 1675 1338 1693 e
1350 1675 1368 1695 ε
1380 1664 1509 1695 ensis
1532 1665 1612 1703 (Ms.
1632 1665 1701 1696 III
1714 1668 1765 1702 37y
1785 1669 1803 1696 2

150 1712 224 1743 olim
247 1712 303 1751 fol.
322 1715 373 1752 40,
392 1713 437 1752 8),
462 1713 517 1753 qui
541 1714 576 1745 in
601 1715 666 1753 fine
682 1725 761 1746 saec.
782 1714 864 1745 XII
876 1715 1070 1756 conscriptus
1093 1716 1309 1755 fraqmentum
1325 1717 1403 1756 leqis
1419 1717 1663 1749 Baiwariorum
1679 1718 1734 1749 hoe
1759 1722 1804 1749 est

144 1766 318 1805 proloyum,
351 1766 471 1807 aliquot
493 1767 614 1799 indicis
641 1767 789 1799 rubricas
811 1771 983 1809 partesque
1007 1772 1106 1800 textus
1130 1780 1226 1809 usque
1249 1771 1293 1801 ad
1315 1770 1445 1802 initium
1470 1771 1556 1802 tituli
1579 1771 1650 1802 III
1669 1772 1805 1803 continet

105 1832 130 1850 30
150 1818 208 1855 (z
218 1818 277 1858 G)⁴
306 1819 403 1851 Folia
413 1819 527 1859 quibus
534 1824 646 1860 partes
657 1824 817 1860 sequentes
830 1821 970 1853 traditae
982 1825 1085 1860 erant,
1100 1825 1128 1854 et
1143 1823 1257 1861 folium
1271 1834 1329 1863 quo
1346 1824 1445 1855 index
1461 1835 1481 1855 a
1497 1835 1564 1864 cap.
1575 1824 1642 1862 IX,
1656 1828 1694 1856 15
1709 1836 1804 1865 usque

151 1873 195 1903 ad
215 1873 312 1911 finem
335 1876 364 1904 et
387 1876 489 1905 textus
512 1885 608 1914 usque
632 1875 676 1905 ad
697 1885 764 1913 cap.
783 1874 812 1912 I,
831 1877 850 1904 2
876 1875 1100 1913 continebatur,
1126 1876 1216 1907 hodie
1240 1877 1358 1915 desunt,
1384 1877 1424 1915 cf.
1448 1877 1573 1909 Merkel
1596 1878 1615 1909 l.
1634 1878 1653 1909 l.
1674 1888 1709 1918 p.
1728 1880 1802 1909 589.

262 1935 318 1974 12)
356 1935 461 1967 Codex
491 1935 626 1967 oratorii
656 1936 794 1967 Romani
822 1937 855 1968 S.
876 1936 1012 1968 Mariae
1041 1937 1077 1969 in
1101 1938 1330 1970 Vallicella
1365 1938 1398 1971 C.
1425 1942 1466 1970 ‘20
1498 1939 1554 1979 (z
1577 1938 1635 1980 Vl)
1666 1951 1691 1971 s.
1712 1940 1807 1971 XVI

152 1987 204 2019 cui
226 1987 309 2019 inest
326 1999 360 2027 p.
380 1991 441 2020 105
451 1992 559 2020 —108
584 1989 795 2029 fraqmentum
827 2000 886 2030 quo
916 1990 1007 2022 nobis
1036 1991 1134 2023 index
1160 1994 1189 2023 et
1211 1995 1311 2023 textus
1333 1992 1438 2032 ipsius
1461 1992 1539 2032 leyis
1561 1993 1803 2025 Baiwariornm

146 2040 257 2080 prima
281 2051 363 2080 pars
385 2052 481 2082 usque
504 2043 548 2073 ad
571 2052 638 2083 cap.
664 2043 692 2079 I,
719 2045 736 2073 6
768 2043 907 2075 traditus
930 2047 983 2075 est.
1031 2044 1184 2075 Merkelii
1207 2045 1447 2085 descriptionem
1472 2047 1491 2077 l.
1518 2047 1537 2077 l.
1557 2057 1590 2086 2).
1610 2050 1673 2078 595
1687 2057 1731 2087 sq.
1759 2047 1802 2078 in*

105 2107 130 2125 35
150 2105 264 2125 remes.

260 2147 338 2179 Cum
361 2148 414 2179 his
436 2148 591 2180 codicibus
614 2149 796 2181 cohaerent:

258 2210 312 2248 13)
349 2209 455 2242 Codex
478 2211 660 2250 deperditus
682 2221 739 2250 quo
763 2222 839 2242 usus
865 2212 971 2243 scriba
995 2212 1127 2252 quidam
1150 2224 1174 2244 s.
1198 2213 1280 2245 XII
1298 2214 1430 2246 codicem
1458 2216 1487 2246 T
1499 2219 1517 2246 2
1542 2215 1650 2254 (infra
1674 2227 1723 2247 nr.
1742 2220 1799 2248 41)

146 2263 303 2304 supplevit
326 2266 354 2294 et
377 2263 513 2295 correxit
536 2263 594 2302 (cf.
620 2264 738 2295 ‘Neues
761 2264 900 2296 Arclii'v'
924 2265 1035 2297 XXX
1044 2266 1124 2305 VII,
1144 2277 1177 2306 p.
1196 2267 1277 2306 437)
1302 2271 1331 2299 et

256 2324 311 2364 14)
352 2324 454 2357 Codex
487 2326 744 2358 membranaceus
775 2326 807 2358 S.
833 2327 971 2358 Pauli
1005 2328 1041 2359 in
1071 2328 1246 2360 Carintliia
1277 2329 1334 2369 (z
1359 2330 1439 2369 sP),
1475 2330 1532 2370 qui
1564 2331 1685 2362 saeculo
1720 2343 1798 2363 nono

102 2390 128 2408 40
146 2378 284 2419 scriptus
311 2378 454 2419 primum
482 2378 696 2417 Conscientiae,
721 2379 835 2412 deinde
858 2380 894 2412 in
924 2381 1111 2413 monasterio
1135 2382 1169 2413 S.
1190 2381 1300 2413 Blasii
1330 2382 1364 2414 in
1389 2383 1472 2414 silva
1495 2383 1661 2423 Hercynia
1684 2384 1748 2423 fuit
1772 2388 1799 2416 et

146 2431 184 2462 ab
208 2432 243 2463 J.
269 2431 395 2463 Merkel
418 2432 437 2463 l.
463 2433 482 2463 l.
502 2443 537 2473 p.
564 2436 627 2464 574
644 2443 709 2473 sqq.
742 2437 887 2465 accurate
920 2434 1094 2474 descriptus
1128 2438 1181 2466 est.
1228 2435 1384 2467 Abundat
1419 2436 1603 2475 corruptelis
1635 2441 1663 2468 et
1692 2438 1799 2469 multis

146 2484 268 2516 mendis
295 2485 558 2526 orthoqraphicis,
589 2489 624 2517 ut
648 2486 752 2517 ‘liveri
760 2486 767 2499 ¹
795 2497 856 2527 pro
881 2486 1009 2525 ‘tiberin
1043 2487 1116 2519 ‘vis'
1143 2499 1204 2529 pro
1229 2488 1312 2527 ‘bis’,
1347 2489 1501 2521 ‘ostilitery
1524 2500 1581 2529 pro
1607 2490 1770 2522 ‘hostiliter
1781 2492 1796 2524 ⁸.

147 2538 292 2569 ‘comodo'
310 2548 370 2579 pro
390 2538 576 2578 ‘quomodo’‚
603 2539 662 2571 ‘oc'
676 2550 740 2580 pro
761 2539 851 2578 ‘lioc',
878 2539 1040 2579 ‘vindere',
1067 2540 1209 2573 ‘menime
1218 2541 1235 2580 ⁷,
1257 2541 1440 2581 ‘sicacerit'‚
1463 2543 1565 2582 ίΙινίῦίζ
1588 2543 1672 2574 ‘liubi
1680 2544 1686 2556 ⁷
1706 2544 1798 2575 aliis-

145 2601 202 2630 que
225 2590 394 2623 similibus.

100 2664 126 2683 45
254 2653 309 2692 15)
342 2653 445 2685 Codex
468 2653 669 2685 bibliothecae
692 2655 816 2686 ducalis
843 2655 1106 2694 Guelferbitanae
1129 2655 1360 2697 Blankenbmy
1389 2661 1448 2689 130
1473 2658 1547 2690 olim
1573 2662 1613 2689 52
1639 2661 1794 2698 quondam

146 2707 175 2736 A
189 2710 392 2746 uyustan
404 2717 453 2738 us
477 2707 534 2746 (=
559 2706 638 2747 Ay)
661 2718 686 2739 s.
710 2707 753 2739 X.
784 2708 848 2747 qui,
879 2712 914 2739 ut
936 2709 971 2740 J.
997 2709 1122 2741 Merlcel
1145 2710 1164 2740 l.
1189 2721 1214 2741 c.
1243 2710 1308 2749 XI,
1330 2722 1363 2751 p.
1383 2714 1561 2743 577—583
1586 2723 1641 2743 nos
1664 2713 1793 2745 edocuit.

140 2762 267 2798 praeter
290 2760 383 2799 leyem
404 2759 649 2792 Baiwariorum
671 2771 822 2801 maynum
845 2772 1011 2794 numerum
1033 2763 1172 2801 fontium
1195 2763 1281 2794 iuris
1304 2764 1452 2796 continet.
1494 2765 1668 2796 Nonnullis
1693 2766 1795 2796 vitriis

145 2812 330 2844 lectionibus
362 2813 577 2854 yravioribus‚
613 2817 648 2845 ut
679 2814 846 2846 ‘restituat'
880 2825 942 2856 pro
967 2816 1104 2847 ‘reddat’
1141 2816 1269 2855 (XIII,
1299 2817 1344 2855 3),
1382 2817 1505 2856 ‘fuerit'
1537 2828 1598 2858 pro
1635 2818 1794 2857 ‘rrpererit
